%% This BibTeX bibliography file was created using BibDesk.
%% http://bibdesk.sourceforge.net/

%% Created for Siddharth Mishra-Sharma at 2018-05-15 15:32:26 -0400 


%% Saved with string encoding Unicode (UTF-8) 



@article{Lisanti:2017qoz,
	Archiveprefix = {arXiv},
	Author = {Lisanti, Mariangela and Mishra-Sharma, Siddharth and Rodd, Nicholas L. and Safdi, Benjamin R. and Wechsler, Risa H.},
	Date-Added = {2018-05-15 19:32:24 +0000},
	Date-Modified = {2018-05-15 19:32:24 +0000},
	Doi = {10.1103/PhysRevD.97.063005},
	Eprint = {1709.00416},
	Journal = {Phys. Rev.},
	Number = {6},
	Pages = {063005},
	Primaryclass = {astro-ph.CO},
	Reportnumber = {MIT-CTP-4930, PUPT-2533, MCTP-17-14},
	Slaccitation = {%%CITATION = ARXIV:1709.00416;%%},
	Title = {{Mapping Extragalactic Dark Matter Annihilation with Galaxy Surveys: A Systematic Study of Stacked Group Searches}},
	Volume = {D97},
	Year = {2018},
	Bdsk-Url-1 = {https://doi.org/10.1103/PhysRevD.97.063005}}

@article{Lisanti:2017qlb,
	Archiveprefix = {arXiv},
	Author = {Lisanti, Mariangela and Mishra-Sharma, Siddharth and Rodd, Nicholas L. and Safdi, Benjamin R.},
	Date-Added = {2018-05-15 19:32:16 +0000},
	Date-Modified = {2018-05-15 19:32:16 +0000},
	Doi = {10.1103/PhysRevLett.120.101101},
	Eprint = {1708.09385},
	Journal = {Phys. Rev. Lett.},
	Number = {10},
	Pages = {101101},
	Primaryclass = {astro-ph.CO},
	Reportnumber = {MIT-CTP-4931, PUPT-2534, MCTP-17-15},
	Slaccitation = {%%CITATION = ARXIV:1708.09385;%%},
	Title = {{Search for Dark Matter Annihilation in Galaxy Groups}},
	Volume = {120},
	Year = {2018},
	Bdsk-Url-1 = {https://doi.org/10.1103/PhysRevLett.120.101101}}
