%% This BibTeX bibliography file was created using BibDesk.
%% http://bibdesk.sourceforge.net/

%% Created for Siddharth Mishra-Sharma at 2017-12-13 20:06:21 -0500 


%% Saved with string encoding Unicode (UTF-8) 



@article{Hutten:2016jko,
	Archiveprefix = {arXiv},
	Author = {H{\"u}tten, M. and Combet, C. and Maier, G. and Maurin, D.},
	Date-Added = {2017-12-14 01:06:19 +0000},
	Date-Modified = {2017-12-14 01:06:19 +0000},
	Doi = {10.1088/1475-7516/2016/09/047},
	Eprint = {1606.04898},
	Journal = {JCAP},
	Number = {09},
	Pages = {047},
	Primaryclass = {astro-ph.HE},
	Reportnumber = {DESY-16-124},
	Slaccitation = {%%CITATION = ARXIV:1606.04898;%%},
	Title = {{Dark matter substructure modelling and sensitivity of the Cherenkov Telescope Array to Galactic dark halos}},
	Volume = {1609},
	Year = {2016},
	Bdsk-Url-1 = {http://dx.doi.org/10.1088/1475-7516/2016/09/047}}

@article{Tully:2016ppz,
	Archiveprefix = {arXiv},
	Author = {Tully, R. Brent and Courtois, Helene M. and Sorce, Jenny G.},
	Doi = {10.3847/0004-6256/152/2/50},
	Eprint = {1605.01765},
	Journal = {Astron. J.},
	Pages = {50},
	Primaryclass = {astro-ph.CO},
	Slaccitation = {%%CITATION = ARXIV:1605.01765;%%},
	Title = {{Cosmicflows-3}},
	Volume = {152},
	Year = {2016},
	Bdsk-Url-1 = {http://dx.doi.org/10.3847/0004-6256/152/2/50}}

@article{Shirasaki:2014noa,
	Archiveprefix = {arXiv},
	Author = {Shirasaki, Masato and Horiuchi, Shunsaku and Yoshida, Naoki},
	Date-Added = {2017-09-29 01:13:07 +0000},
	Date-Modified = {2017-09-29 01:13:07 +0000},
	Doi = {10.1103/PhysRevD.90.063502},
	Eprint = {1404.5503},
	Journal = {Phys. Rev.},
	Number = {6},
	Pages = {063502},
	Primaryclass = {astro-ph.CO},
	Slaccitation = {%%CITATION = ARXIV:1404.5503;%%},
	Title = {{Cross-Correlation of Cosmic Shear and Extragalactic Gamma-ray Background: Constraints on the Dark Matter Annihilation Cross-Section}},
	Volume = {D90},
	Year = {2014},
	Bdsk-Url-1 = {http://dx.doi.org/10.1103/PhysRevD.90.063502}}

@article{Shirasaki:2015nqp,
	Archiveprefix = {arXiv},
	Author = {Shirasaki, Masato and Horiuchi, Shunsaku and Yoshida, Naoki},
	Date-Added = {2017-09-29 01:13:07 +0000},
	Date-Modified = {2017-09-29 01:13:07 +0000},
	Doi = {10.1103/PhysRevD.92.123540},
	Eprint = {1511.07092},
	Journal = {Phys. Rev.},
	Number = {12},
	Pages = {123540},
	Primaryclass = {astro-ph.CO},
	Slaccitation = {%%CITATION = ARXIV:1511.07092;%%},
	Title = {{Cross-Correlation of the Extragalactic Gamma-ray Background with Luminous Red Galaxies}},
	Volume = {D92},
	Year = {2015},
	Bdsk-Url-1 = {http://dx.doi.org/10.1103/PhysRevD.92.123540}}

@article{Shirasaki:2016kol,
	Archiveprefix = {arXiv},
	Author = {Shirasaki, Masato and Macias, Oscar and Horiuchi, Shunsaku and Shirai, Satoshi and Yoshida, Naoki},
	Date-Added = {2017-09-29 01:13:07 +0000},
	Date-Modified = {2017-09-29 01:13:07 +0000},
	Doi = {10.1103/PhysRevD.94.063522},
	Eprint = {1607.02187},
	Journal = {Phys. Rev.},
	Number = {6},
	Pages = {063522},
	Primaryclass = {astro-ph.CO},
	Reportnumber = {DESY-16-112},
	Slaccitation = {%%CITATION = ARXIV:1607.02187;%%},
	Title = {{Cosmological constraints on dark matter annihilation and decay: Cross-correlation analysis of the extragalactic $\gamma$-ray background and cosmic shear}},
	Volume = {D94},
	Year = {2016},
	Bdsk-Url-1 = {http://dx.doi.org/10.1103/PhysRevD.94.063522}}

@article{Branchini:2016glc,
	Archiveprefix = {arXiv},
	Author = {Branchini, Enzo and Camera, Stefano and Cuoco, Alessandro and Fornengo, Nicolao and Regis, Marco and Viel, Matteo and Xia, Jun-Qing},
	Date-Added = {2017-09-01 14:04:34 +0000},
	Date-Modified = {2017-09-01 14:04:34 +0000},
	Doi = {10.3847/1538-4365/228/1/8},
	Eprint = {1612.05788},
	Journal = {Astrophys. J. Suppl.},
	Number = {1},
	Pages = {8},
	Primaryclass = {astro-ph.CO},
	Slaccitation = {%%CITATION = ARXIV:1612.05788;%%},
	Title = {{Cross-correlating the $\gamma$-ray sky with Catalogs of Galaxy Clusters}},
	Volume = {228},
	Year = {2017},
	Bdsk-Url-1 = {http://dx.doi.org/10.3847/1538-4365/228/1/8}}

@article{Troster:2016sgf,
	Archiveprefix = {arXiv},
	Author = {Tr{\"o}ster, Tilman and others},
	Date-Added = {2017-09-01 13:35:19 +0000},
	Date-Modified = {2017-09-01 13:35:19 +0000},
	Doi = {10.1093/mnras/stx365},
	Eprint = {1611.03554},
	Note = {[Mon. Not. Roy. Astron. Soc.467,2706(2017)]},
	Primaryclass = {astro-ph.CO},
	Slaccitation = {%%CITATION = ARXIV:1611.03554;%%},
	Title = {{Cross-correlation of weak lensing and gamma rays: implications for the nature of dark matter}},
	Year = {2016},
	Bdsk-Url-1 = {http://dx.doi.org/10.1093/mnras/stx365}}

@article{Camera:2014rja,
	Archiveprefix = {arXiv},
	Author = {Camera, Stefano and Fornasa, Mattia and Fornengo, Nicolao and Regis, Marco},
	Date-Added = {2017-09-01 13:34:58 +0000},
	Date-Modified = {2017-09-01 13:34:58 +0000},
	Doi = {10.1088/1475-7516/2015/06/029},
	Eprint = {1411.4651},
	Journal = {JCAP},
	Number = {06},
	Pages = {029},
	Primaryclass = {astro-ph.CO},
	Slaccitation = {%%CITATION = ARXIV:1411.4651;%%},
	Title = {{Tomographic-spectral approach for dark matter detection in the cross-correlation between cosmic shear and diffuse $\gamma$-ray emission}},
	Volume = {1506},
	Year = {2015},
	Bdsk-Url-1 = {http://dx.doi.org/10.1088/1475-7516/2015/06/029}}

@article{Choi:2015mnp,
	Archiveprefix = {arXiv},
	Author = {Choi, Ami and Heymans, Catherine and Blake, Chris and Hildebrandt, Hendrik and Duncan, Christopher A. J. and Erben, Thomas and Nakajima, Reiko and Van Waerbeke, Ludovic and Viola, Massimo},
	Date-Added = {2017-09-01 13:29:42 +0000},
	Date-Modified = {2017-09-01 13:29:42 +0000},
	Doi = {10.1093/mnras/stw2241},
	Eprint = {1512.03626},
	Journal = {Mon. Not. Roy. Astron. Soc.},
	Number = {4},
	Pages = {3737-3754},
	Primaryclass = {astro-ph.CO},
	Slaccitation = {%%CITATION = ARXIV:1512.03626;%%},
	Title = {{CFHTLenS and RCSLenS: Testing Photometric Redshift Distributions Using Angular Cross-Correlations with Spectroscopic Galaxy Surveys}},
	Volume = {463},
	Year = {2016},
	Bdsk-Url-1 = {http://dx.doi.org/10.1093/mnras/stw2241}}

@article{Camera:2012cj,
	Archiveprefix = {arXiv},
	Author = {Camera, Stefano and Fornasa, Mattia and Fornengo, Nicolao and Regis, Marco},
	Date-Added = {2017-09-01 13:27:18 +0000},
	Date-Modified = {2017-09-01 13:27:18 +0000},
	Doi = {10.1088/2041-8205/771/1/L5},
	Eprint = {1212.5018},
	Journal = {Astrophys. J.},
	Pages = {L5},
	Primaryclass = {astro-ph.CO},
	Slaccitation = {%%CITATION = ARXIV:1212.5018;%%},
	Title = {{A Novel Approach in the Weakly Interacting Massive Particle Quest: Cross-correlation of Gamma-Ray Anisotropies and Cosmic Shear}},
	Volume = {771},
	Year = {2013},
	Bdsk-Url-1 = {http://dx.doi.org/10.1088/2041-8205/771/1/L5}}

@article{Fornengo:2014cya,
	Archiveprefix = {arXiv},
	Author = {Fornengo, Nicolao and Perotto, Laurence and Regis, Marco and Camera, Stefano},
	Date-Added = {2017-09-01 13:26:55 +0000},
	Date-Modified = {2017-09-01 13:26:55 +0000},
	Doi = {10.1088/2041-8205/802/1/L1},
	Eprint = {1410.4997},
	Journal = {Astrophys. J.},
	Number = {1},
	Pages = {L1},
	Primaryclass = {astro-ph.CO},
	Slaccitation = {%%CITATION = ARXIV:1410.4997;%%},
	Title = {{Evidence of Cross-correlation between the CMB Lensing and the $\Gamma$-ray sky}},
	Volume = {802},
	Year = {2015},
	Bdsk-Url-1 = {http://dx.doi.org/10.1088/2041-8205/802/1/L1}}

@article{Feng:2016fkl,
	Archiveprefix = {arXiv},
	Author = {Feng, Chang and Cooray, Asantha and Keating, Brian},
	Doi = {10.3847/1538-4357/836/1/127},
	Eprint = {1608.04351},
	Journal = {Astrophys. J.},
	Number = {1},
	Pages = {127},
	Primaryclass = {astro-ph.CO},
	Slaccitation = {%%CITATION = ARXIV:1608.04351;%%},
	Title = {{Planck Lensing and Cosmic Infrared Background Cross-Correlation with Fermi-LAT: Tracing Dark Matter Signals in the Gamma-Ray Background}},
	Volume = {836},
	Year = {2017},
	Bdsk-Url-1 = {http://dx.doi.org/10.3847/1538-4357/836/1/127}}

@article{companion,
	Archiveprefix = {arXiv},
	Author = {Lisanti, Mariangela and Mishra-Sharma, Siddharth and Rodd, Nicholas L. and Safdi, Benjamin R.},
	Eprint = {1708.09385},
	Primaryclass = {astro-ph.CO},
	Reportnumber = {MIT-CTP-4931, PUPT-2534, MCTP-17-15},
	Slaccitation = {%%CITATION = ARXIV:1708.09385;%%},
	Title = {{A Search for Dark Matter Annihilation in Galaxy Groups}},
	Year = {2017}}

@article{1993AJ....105.2035D,
	Adsnote = {Provided by the SAO/NASA Astrophysics Data System},
	Adsurl = {http://adsabs.harvard.edu/abs/1993AJ....105.2035D},
	Author = {{Diaferio}, A. and {Ramella}, M. and {Geller}, M.~J. and {Ferrari}, A.},
	Date-Added = {2017-08-28 13:13:05 +0000},
	Date-Modified = {2017-08-28 13:13:05 +0000},
	Doi = {10.1086/116581},
	Journal = {Astrophys. J.},
	Keywords = {Galactic Clusters, Interacting Galaxies, Astronomical Models, Galactic Evolution},
	Month = jun,
	Pages = {2035-2046},
	Title = {{Are groups of galaxies virialized systems?}},
	Volume = 105,
	Year = 1993,
	Bdsk-Url-1 = {http://dx.doi.org/10.1086/116581}}

@article{Bullock:1999he,
	Archiveprefix = {arXiv},
	Author = {Bullock, James S. and Kolatt, Tsafrir S. and Sigad, Yair and Somerville, Rachel S. and Kravtsov, Andrey V. and Klypin, Anatoly A. and Primack, Joel R. and Dekel, Avishai},
	Date-Added = {2017-08-28 13:11:50 +0000},
	Date-Modified = {2017-08-28 13:11:50 +0000},
	Doi = {10.1046/j.1365-8711.2001.04068.x},
	Eprint = {astro-ph/9908159},
	Journal = {Mon. Not. Roy. Astron. Soc.},
	Pages = {559-575},
	Primaryclass = {astro-ph},
	Slaccitation = {%%CITATION = ASTRO-PH/9908159;%%},
	Title = {{Profiles of dark haloes. Evolution, scatter, and environment}},
	Volume = {321},
	Year = {2001},
	Bdsk-Url-1 = {http://dx.doi.org/10.1046/j.1365-8711.2001.04068.x}}

@article{PER-GRA:2007,
	Author = {P\'erez, Fernando and Granger, Brian E.},
	Date-Added = {2017-08-26 17:43:50 +0000},
	Date-Modified = {2017-08-26 17:43:50 +0000},
	Doi = {10.1109/MCSE.2007.53},
	Issn = {1521-9615},
	Journal = {Computing in Science and Engineering},
	Month = may,
	Number = {3},
	Pages = {21--29},
	Publisher = {IEEE Computer Society},
	Title = {{IP}ython: a System for Interactive Scientific Computing},
	Url = {http://ipython.org},
	Volume = {9},
	Year = 2007,
	Bdsk-Url-1 = {http://ipython.org},
	Bdsk-Url-2 = {http://dx.doi.org/10.1109/MCSE.2007.53}}

@article{2013A&A...558A..33A,
	Adsnote = {Provided by the SAO/NASA Astrophysics Data System},
	Adsurl = {http://adsabs.harvard.edu/abs/2013A%26A...558A..33A},
	Archiveprefix = {arXiv},
	Author = {{Astropy Collaboration} and {Robitaille}, T.~P. and {Tollerud}, E.~J. and {Greenfield}, P. and {Droettboom}, M. and {Bray}, E. and {Aldcroft}, T. and {Davis}, M. and {Ginsburg}, A. and {Price-Whelan}, A.~M. and {Kerzendorf}, W.~E. and {Conley}, A. and {Crighton}, N. and {Barbary}, K. and {Muna}, D. and {Ferguson}, H. and {Grollier}, F. and {Parikh}, M.~M. and {Nair}, P.~H. and {Unther}, H.~M. and {Deil}, C. and {Woillez}, J. and {Conseil}, S. and {Kramer}, R. and {Turner}, J.~E.~H. and {Singer}, L. and {Fox}, R. and {Weaver}, B.~A. and {Zabalza}, V. and {Edwards}, Z.~I. and {Azalee Bostroem}, K. and {Burke}, D.~J. and {Casey}, A.~R. and {Crawford}, S.~M. and {Dencheva}, N. and {Ely}, J. and {Jenness}, T. and {Labrie}, K. and {Lim}, P.~L. and {Pierfederici}, F. and {Pontzen}, A. and {Ptak}, A. and {Refsdal}, B. and {Servillat}, M. and {Streicher}, O.},
	Date-Added = {2017-08-26 17:43:42 +0000},
	Date-Modified = {2017-08-26 17:43:42 +0000},
	Doi = {10.1051/0004-6361/201322068},
	Eid = {A33},
	Eprint = {1307.6212},
	Journal = {AAP},
	Keywords = {methods: data analysis, methods: miscellaneous, virtual observatory tools},
	Month = oct,
	Pages = {A33},
	Primaryclass = {astro-ph.IM},
	Title = {{Astropy: A community Python package for astronomy}},
	Volume = 558,
	Year = 2013,
	Bdsk-Url-1 = {http://dx.doi.org/10.1051/0004-6361/201322068}}

@article{Ade:2015xua,
	Archiveprefix = {arXiv},
	Author = {Ade, P. A. R. and others},
	Collaboration = {Planck},
	Date-Added = {2017-08-17 21:40:58 +0000},
	Date-Modified = {2017-08-17 21:40:58 +0000},
	Doi = {10.1051/0004-6361/201525830},
	Eprint = {1502.01589},
	Journal = {Astron. Astrophys.},
	Pages = {A13},
	Primaryclass = {astro-ph.CO},
	Slaccitation = {%%CITATION = ARXIV:1502.01589;%%},
	Title = {{Planck 2015 results. XIII. Cosmological parameters}},
	Volume = {594},
	Year = {2016},
	Bdsk-Url-1 = {http://dx.doi.org/10.1051/0004-6361/201525830}}

@article{Navarro:1995iw,
	Archiveprefix = {arXiv},
	Author = {Navarro, Julio F. and Frenk, Carlos S. and White, Simon D. M.},
	Date-Added = {2017-08-17 20:33:49 +0000},
	Date-Modified = {2017-08-17 20:33:49 +0000},
	Doi = {10.1086/177173},
	Eprint = {astro-ph/9508025},
	Journal = {Astrophys. J.},
	Pages = {563-575},
	Primaryclass = {astro-ph},
	Slaccitation = {%%CITATION = ASTRO-PH/9508025;%%},
	Title = {{The Structure of cold dark matter halos}},
	Volume = {462},
	Year = {1996},
	Bdsk-Url-1 = {http://dx.doi.org/10.1086/177173}}

@article{2017ApJ...843...16K,
	Archiveprefix = {arXiv},
	Author = {Kourkchi, Ehsan and Tully, R. Brent},
	Doi = {10.3847/1538-4357/aa76db},
	Eprint = {1705.08068},
	Journal = {Astrophys. J.},
	Pages = {16},
	Primaryclass = {astro-ph.GA},
	Slaccitation = {%%CITATION = ARXIV:1503.03134;%%},
	Title = {{Galaxy Groups Within 3500 km s$^{-1}$}},
	Volume = {843},
	Year = {2017},
	Bdsk-Url-1 = {http://dx.doi.org/10.3847/1538-4357/aa76db}}

@article{James:1975dr,
	Author = {James, F. and Roos, M.},
	Doi = {10.1016/0010-4655(75)90039-9},
	Journal = {Comput. Phys. Commun.},
	Pages = {343-367},
	Reportnumber = {CERN-DD-75-20},
	Slaccitation = {%%CITATION = CPHCB,10,343;%%},
	Title = {{Minuit: A System for Function Minimization and Analysis of the Parameter Errors and Correlations}},
	Volume = {10},
	Year = {1975},
	Bdsk-Url-1 = {http://dx.doi.org/10.1016/0010-4655(75)90039-9}}

@article{Cohen:2016uyg,
	Archiveprefix = {arXiv},
	Author = {Cohen, Timothy and Murase, Kohta and Rodd, Nicholas L. and Safdi, Benjamin R. and Soreq, Yotam},
	Doi = {10.1103/PhysRevLett.119.021102},
	Eprint = {1612.05638},
	Journal = {Phys. Rev. Lett.},
	Number = {2},
	Pages = {021102},
	Primaryclass = {hep-ph},
	Reportnumber = {MIT-CTP-4863},
	Slaccitation = {%%CITATION = ARXIV:1612.05638;%%},
	Title = {{Gamma-ray Constraints on Decaying Dark Matter and Implications for IceCube}},
	Volume = {119},
	Year = {2017},
	Bdsk-Url-1 = {http://dx.doi.org/10.1103/PhysRevLett.119.021102}}

@article{Abdo:2010ex,
	Archiveprefix = {arXiv},
	Author = {Abdo, A. A. and others},
	Collaboration = {Fermi-LAT},
	Doi = {10.1088/0004-637X/712/1/147},
	Eprint = {1001.4531},
	Journal = {Astrophys. J.},
	Pages = {147-158},
	Primaryclass = {astro-ph.CO},
	Reportnumber = {SLAC-PUB-13949},
	Slaccitation = {%%CITATION = ARXIV:1001.4531;%%},
	Title = {{Observations of Milky Way Dwarf Spheroidal galaxies with the Fermi-LAT detector and constraints on Dark Matter models}},
	Volume = {712},
	Year = {2010},
	Bdsk-Url-1 = {http://dx.doi.org/10.1088/0004-637X/712/1/147}}

@article{Charbonnier:2011ft,
	Archiveprefix = {arXiv},
	Author = {Charbonnier, A. and others},
	Doi = {10.1111/j.1365-2966.2011.19387.x},
	Eprint = {1104.0412},
	Journal = {Mon. Not. Roy. Astron. Soc.},
	Pages = {1526-1556},
	Primaryclass = {astro-ph.HE},
	Slaccitation = {%%CITATION = ARXIV:1104.0412;%%},
	Title = {{Dark matter profiles and annihilation in dwarf spheroidal galaxies: prospectives for present and future gamma-ray observatories - I. The classical dSphs}},
	Volume = {418},
	Year = {2011},
	Bdsk-Url-1 = {http://dx.doi.org/10.1111/j.1365-2966.2011.19387.x}}

@article{Charbonnier:2012gf,
	Archiveprefix = {arXiv},
	Author = {Charbonnier, A. and Combet, C. and Maurin, D.},
	Doi = {10.1016/j.cpc.2011.10.017},
	Eprint = {1201.4728},
	Journal = {Comput. Phys. Commun.},
	Pages = {656-668},
	Primaryclass = {astro-ph.HE},
	Slaccitation = {%%CITATION = ARXIV:1201.4728;%%},
	Title = {{CLUMPY: a code for gamma-ray signals from dark matter structures}},
	Volume = {183},
	Year = {2012},
	Bdsk-Url-1 = {http://dx.doi.org/10.1016/j.cpc.2011.10.017}}

@article{Evans:2016xwx,
	Archiveprefix = {arXiv},
	Author = {Evans, N. W. and Sanders, J. L. and Geringer-Sameth, A.},
	Doi = {10.1103/PhysRevD.93.103512},
	Eprint = {1604.05599},
	Journal = {Phys. Rev.},
	Number = {10},
	Pages = {103512},
	Primaryclass = {astro-ph.GA},
	Slaccitation = {%%CITATION = ARXIV:1604.05599;%%},
	Title = {{Simple J-Factors and D-Factors for Indirect Dark Matter Detection}},
	Volume = {D93},
	Year = {2016},
	Bdsk-Url-1 = {http://dx.doi.org/10.1103/PhysRevD.93.103512}}

@article{Ajello:2015mfa,
	Archiveprefix = {arXiv},
	Author = {Ajello, M. and others},
	Date-Added = {2017-03-27 15:02:50 +0000},
	Date-Modified = {2017-03-27 15:02:50 +0000},
	Doi = {10.1088/2041-8205/800/2/L27},
	Eprint = {1501.05301},
	Journal = {Astrophys. J.},
	Number = {2},
	Pages = {L27},
	Primaryclass = {astro-ph.HE},
	Slaccitation = {%%CITATION = ARXIV:1501.05301;%%},
	Title = {{The Origin of the Extragalactic Gamma-Ray Background and Implications for Dark-Matter Annihilation}},
	Volume = {800},
	Year = {2015},
	Bdsk-Url-1 = {http://dx.doi.org/10.1088/2041-8205/800/2/L27}}

@article{Bengtsson:1990xf,
	Author = {Bengtsson, Hans Uno and Salati, Pierre and Silk, Joseph},
	Date-Added = {2017-03-27 15:02:50 +0000},
	Date-Modified = {2017-03-27 15:02:50 +0000},
	Doi = {10.1016/0550-3213(90)90241-5},
	Journal = {Nucl. Phys.},
	Pages = {129-148},
	Reportnumber = {CERN-TH-5639/90, LAPP-TH-277, CfPA-TH-90-011},
	Slaccitation = {%%CITATION = NUPHA,B346,129;%%},
	Title = {{Quark Flavors and the gamma-ray Spectrum From Halo Dark Matter Annihilations}},
	Volume = {B346},
	Year = {1990},
	Bdsk-Url-1 = {http://dx.doi.org/10.1016/0550-3213(90)90241-5}}

@article{Bergstrom:2001jj,
	Archiveprefix = {arXiv},
	Author = {Bergstrom, Lars and Edsjo, Joakim and Ullio, Piero},
	Date-Added = {2017-03-27 15:02:50 +0000},
	Date-Modified = {2017-03-27 15:02:50 +0000},
	Doi = {10.1103/PhysRevLett.87.251301},
	Eprint = {astro-ph/0105048},
	Journal = {Phys. Rev. Lett.},
	Pages = {251301},
	Primaryclass = {astro-ph},
	Slaccitation = {%%CITATION = ASTRO-PH/0105048;%%},
	Title = {{Spectral gamma-ray signatures of cosmological dark matter annihilation}},
	Volume = {87},
	Year = {2001},
	Bdsk-Url-1 = {http://dx.doi.org/10.1103/PhysRevLett.87.251301}}

@article{Bertone:2004pz,
	Archiveprefix = {arXiv},
	Author = {Bertone, Gianfranco and Hooper, Dan and Silk, Joseph},
	Date-Added = {2017-03-27 15:02:50 +0000},
	Date-Modified = {2017-03-27 15:02:50 +0000},
	Doi = {10.1016/j.physrep.2004.08.031},
	Eprint = {hep-ph/0404175},
	Journal = {Phys. Rept.},
	Pages = {279-390},
	Primaryclass = {hep-ph},
	Reportnumber = {FERMILAB-PUB-04-047-A},
	Slaccitation = {%%CITATION = HEP-PH/0404175;%%},
	Title = {{Particle dark matter: Evidence, candidates and constraints}},
	Volume = {405},
	Year = {2005},
	Bdsk-Url-1 = {http://dx.doi.org/10.1016/j.physrep.2004.08.031}}

@article{Bottino:2004qi,
	Archiveprefix = {arXiv},
	Author = {Bottino, A. and Donato, F. and Fornengo, N. and Scopel, S.},
	Date-Added = {2017-03-27 15:02:50 +0000},
	Date-Modified = {2017-03-27 15:02:50 +0000},
	Doi = {10.1103/PhysRevD.70.015005},
	Eprint = {hep-ph/0401186},
	Journal = {Phys. Rev.},
	Pages = {015005},
	Primaryclass = {hep-ph},
	Reportnumber = {DFTT-2-2004},
	Slaccitation = {%%CITATION = HEP-PH/0401186;%%},
	Title = {{Indirect signals from light neutralinos in supersymmetric models without gaugino mass unification}},
	Volume = {D70},
	Year = {2004},
	Bdsk-Url-1 = {http://dx.doi.org/10.1103/PhysRevD.70.015005}}

@article{Bringmann:2012ez,
	Archiveprefix = {arXiv},
	Author = {Bringmann, Torsten and Weniger, Christoph},
	Date-Added = {2017-03-27 15:02:50 +0000},
	Date-Modified = {2017-03-27 15:02:50 +0000},
	Doi = {10.1016/j.dark.2012.10.005},
	Eprint = {1208.5481},
	Journal = {Phys. Dark Univ.},
	Pages = {194-217},
	Primaryclass = {hep-ph},
	Slaccitation = {%%CITATION = ARXIV:1208.5481;%%},
	Title = {{Gamma Ray Signals from Dark Matter: Concepts, Status and Prospects}},
	Volume = {1},
	Year = {2012},
	Bdsk-Url-1 = {http://dx.doi.org/10.1016/j.dark.2012.10.005}}

@article{DiMauro:2015tfa,
	Archiveprefix = {arXiv},
	Author = {Di Mauro, Mattia and Donato, Fiorenza},
	Date-Added = {2017-03-27 15:02:50 +0000},
	Date-Modified = {2017-03-27 15:02:50 +0000},
	Doi = {10.1103/PhysRevD.91.123001},
	Eprint = {1501.05316},
	Journal = {Phys. Rev.},
	Number = {12},
	Pages = {123001},
	Primaryclass = {astro-ph.HE},
	Slaccitation = {%%CITATION = ARXIV:1501.05316;%%},
	Title = {{Composition of the Fermi-LAT isotropic gamma-ray background intensity: Emission from extragalactic point sources and dark matter annihilations}},
	Volume = {D91},
	Year = {2015},
	Bdsk-Url-1 = {http://dx.doi.org/10.1103/PhysRevD.91.123001}}

@article{Ullio:2002pj,
	Archiveprefix = {arXiv},
	Author = {Ullio, Piero and Bergstrom, Lars and Edsjo, Joakim and Lacey, Cedric G.},
	Date-Added = {2017-03-27 15:02:50 +0000},
	Date-Modified = {2017-03-27 15:02:50 +0000},
	Doi = {10.1103/PhysRevD.66.123502},
	Eprint = {astro-ph/0207125},
	Journal = {Phys. Rev.},
	Pages = {123502},
	Primaryclass = {astro-ph},
	Slaccitation = {%%CITATION = ASTRO-PH/0207125;%%},
	Title = {{Cosmological dark matter annihilations into gamma-rays - a closer look}},
	Volume = {D66},
	Year = {2002},
	Bdsk-Url-1 = {http://dx.doi.org/10.1103/PhysRevD.66.123502}}

@article{TheFermi-LAT:2015ykq,
	Archiveprefix = {arXiv},
	Author = {Ackermann, M. and others},
	Collaboration = {Fermi-LAT},
	Date-Added = {2017-03-27 14:58:18 +0000},
	Date-Modified = {2017-03-27 14:58:18 +0000},
	Doi = {10.1103/PhysRevLett.116.151105},
	Eprint = {1511.00693},
	Journal = {Phys. Rev. Lett.},
	Number = {15},
	Pages = {151105},
	Primaryclass = {astro-ph.CO},
	Slaccitation = {%%CITATION = ARXIV:1511.00693;%%},
	Title = {{Resolving the Extragalactic $\gamma$-Ray Background above 50 GeV with the Fermi Large Area Telescope}},
	Volume = {116},
	Year = {2016},
	Bdsk-Url-1 = {http://dx.doi.org/10.1103/PhysRevLett.116.151105}}

@article{Ackermann:2014usa,
	Archiveprefix = {arXiv},
	Author = {Ackermann, M. and others},
	Collaboration = {Fermi-LAT},
	Date-Added = {2017-03-27 14:49:33 +0000},
	Date-Modified = {2017-03-27 14:49:33 +0000},
	Doi = {10.1088/0004-637X/799/1/86},
	Eprint = {1410.3696},
	Journal = {Astrophys. J.},
	Pages = {86},
	Primaryclass = {astro-ph.HE},
	Slaccitation = {%%CITATION = ARXIV:1410.3696;%%},
	Title = {{The spectrum of isotropic diffuse gamma-ray emission between 100 MeV and 820 GeV}},
	Volume = {799},
	Year = {2015},
	Bdsk-Url-1 = {http://dx.doi.org/10.1088/0004-637X/799/1/86}}

@article{1972ApJ...177..341K,
	Adsnote = {Provided by the SAO/NASA Astrophysics Data System},
	Adsurl = {http://adsabs.harvard.edu/abs/1972ApJ...177..341K},
	Author = {Kraushaar, W.~L. and others},
	Date-Added = {2017-03-27 14:49:21 +0000},
	Date-Modified = {2017-03-27 14:49:21 +0000},
	Doi = {10.1086/151713},
	Journal = {Astrophys. J.},
	Month = nov,
	Pages = {341},
	Title = {{High-Energy Cosmic Gamma-Ray Observations from the OSO-3 Satellite}},
	Volume = 177,
	Year = 1972,
	Bdsk-Url-1 = {http://dx.doi.org/10.1086/151713}}

@article{Sanchez-Conde:2013yxa,
	Archiveprefix = {arXiv},
	Author = {S{\'a}nchez-Conde, Miguel A. and Prada, Francisco},
	Date-Added = {2017-03-03 15:58:44 +0000},
	Date-Modified = {2017-03-03 15:58:44 +0000},
	Doi = {10.1093/mnras/stu1014},
	Eprint = {1312.1729},
	Journal = {Mon. Not. Roy. Astron. Soc.},
	Number = {3},
	Pages = {2271-2277},
	Primaryclass = {astro-ph.CO},
	Slaccitation = {%%CITATION = ARXIV:1312.1729;%%},
	Title = {{The flattening of the concentration--mass relation towards low halo masses and its implications for the annihilation signal boost}},
	Volume = {442},
	Year = {2014},
	Bdsk-Url-1 = {http://dx.doi.org/10.1093/mnras/stu1014}}

@article{Nezri:2012tu,
	Archiveprefix = {arXiv},
	Author = {Nezri, E. and White, R. and Combet, C. and Maurin, D. and Pointecouteau, E. and Hinton, J. A.},
	Date-Added = {2017-03-03 15:58:29 +0000},
	Date-Modified = {2017-03-03 15:58:29 +0000},
	Doi = {10.1111/j.1365-2966.2012.21484.x},
	Eprint = {1203.1165},
	Journal = {Mon. Not. Roy. Astron. Soc.},
	Pages = {477},
	Primaryclass = {astro-ph.HE},
	Slaccitation = {%%CITATION = ARXIV:1203.1165;%%},
	Title = {{gamma-rays from annihilating dark matter in galaxy clusters: stacking vs single source analysis}},
	Volume = {425},
	Year = {2012},
	Bdsk-Url-1 = {http://dx.doi.org/10.1111/j.1365-2966.2012.21484.x}}

@article{Ackermann:2010rg,
	Archiveprefix = {arXiv},
	Author = {Ackermann, M. and others},
	Date-Added = {2017-04-26 03:11:58 +0000},
	Date-Modified = {2017-04-26 03:11:58 +0000},
	Doi = {10.1088/1475-7516/2010/05/025},
	Eprint = {1002.2239},
	Journal = {JCAP},
	Pages = {025},
	Primaryclass = {astro-ph.CO},
	Reportnumber = {SLAC-PUB-15246},
	Slaccitation = {%%CITATION = ARXIV:1002.2239;%%},
	Title = {{Constraints on Dark Matter Annihilation in Clusters of Galaxies with the Fermi Large Area Telescope}},
	Volume = {1005},
	Year = {2010},
	Bdsk-Url-1 = {http://dx.doi.org/10.1088/1475-7516/2010/05/025}}

@article{Ando:2012vu,
	Archiveprefix = {arXiv},
	Author = {Ando, Shinichiro and Nagai, Daisuke},
	Doi = {10.1088/1475-7516/2012/07/017},
	Eprint = {1201.0753},
	Journal = {JCAP},
	Pages = {017},
	Primaryclass = {astro-ph.HE},
	Slaccitation = {%%CITATION = ARXIV:1201.0753;%%},
	Title = {{Fermi-LAT constraints on dark matter annihilation cross section from observations of the Fornax cluster}},
	Volume = {1207},
	Year = {2012},
	Bdsk-Url-1 = {http://dx.doi.org/10.1088/1475-7516/2012/07/017}}

@article{Ackermann:2013iaq,
	Archiveprefix = {arXiv},
	Author = {Ackermann, M. and others},
	Collaboration = {Fermi-LAT},
	Doi = {10.1088/0004-637X/787/1/18},
	Eprint = {1308.5654},
	Journal = {Astrophys. J.},
	Pages = {18},
	Primaryclass = {astro-ph.HE},
	Slaccitation = {%%CITATION = ARXIV:1308.5654;%%},
	Title = {{Search for cosmic-ray induced gamma-ray emission in Galaxy Clusters}},
	Volume = {787},
	Year = {2014},
	Bdsk-Url-1 = {http://dx.doi.org/10.1088/0004-637X/787/1/18}}

@article{Anderson:2015dpc,
	Archiveprefix = {arXiv},
	Author = {Anderson, B. and Zimmer, S. and Conrad, J. and Gustafsson, M. and S{\'a}nchez-Conde, M. and Caputo, R.},
	Doi = {10.1088/1475-7516/2016/02/026},
	Eprint = {1511.00014},
	Journal = {JCAP},
	Number = {02},
	Pages = {026},
	Primaryclass = {astro-ph.HE},
	Slaccitation = {%%CITATION = ARXIV:1511.00014;%%},
	Title = {{Search for Gamma-Ray Lines towards Galaxy Clusters with the Fermi-LAT}},
	Volume = {1602},
	Year = {2016},
	Bdsk-Url-1 = {http://dx.doi.org/10.1088/1475-7516/2016/02/026}}

@article{2016A&A...589A..33A,
	Adsnote = {Provided by the SAO/NASA Astrophysics Data System},
	Adsurl = {http://adsabs.harvard.edu/abs/2016A%26A...589A..33A},
	Archiveprefix = {arXiv},
	Author = {{Ahnen}, M.~L. and others},
	Doi = {10.1051/0004-6361/201527846},
	Eid = {A33},
	Eprint = {1602.03099},
	Journal = {{Astron. Astrophys.}},
	Keywords = {gamma rays: galaxies: clusters, acceleration of particles, galaxies: clusters: individual: Perseus, galaxies: individual: NGC 1275, galaxies: individual: NGC 1265},
	Month = may,
	Pages = {A33},
	Primaryclass = {astro-ph.HE},
	Title = {{Deep observation of the NGC 1275 region with MAGIC: search of diffuse {$\gamma$}-ray emission from cosmic rays in the Perseus cluster}},
	Volume = 589,
	Year = 2016,
	Bdsk-Url-1 = {http://dx.doi.org/10.1051/0004-6361/201527846}}

@article{Liang:2016pvm,
	Archiveprefix = {arXiv},
	Author = {Liang, Yun-Feng and Shen, Zhao-Qiang and Li, Xiang and Fan, Yi-Zhong and Huang, Xiaoyuan and Lei, Shi-Jun and Feng, Lei and Liang, En-Wei and Chang, Jin},
	Doi = {10.1103/PhysRevD.93.103525},
	Eprint = {1602.06527},
	Journal = {Phys. Rev.},
	Number = {10},
	Pages = {103525},
	Primaryclass = {astro-ph.HE},
	Slaccitation = {%%CITATION = ARXIV:1602.06527;%%},
	Title = {{Search for a gamma-ray line feature from a group of nearby galaxy clusters with Fermi LAT Pass 8 data}},
	Volume = {D93},
	Year = {2016},
	Bdsk-Url-1 = {http://dx.doi.org/10.1103/PhysRevD.93.103525}}

@article{Adams:2016alz,
	Archiveprefix = {arXiv},
	Author = {Adams, Douglas Quincy and Bergstrom, Lars and Spolyar, Douglas},
	Eprint = {1606.09642},
	Primaryclass = {astro-ph.CO},
	Slaccitation = {%%CITATION = ARXIV:1606.09642;%%},
	Title = {{Improved Constraints on Dark Matter Annihilation to a Line using Fermi-LAT observations of Galaxy Clusters}},
	Year = {2016}}

@article{Burkert:1995yz,
	Archiveprefix = {arXiv},
	Author = {Burkert, A.},
	Booktitle = {{IAU Symposium 171: New Light on Galaxy Evolution Heidelberg, Germany, June 26-30, 1995}},
	Doi = {10.1086/309560},
	Eprint = {astro-ph/9504041},
	Journal = {IAU Symp.},
	Note = {[Astrophys. J.447,L25(1995)]},
	Pages = {175},
	Primaryclass = {astro-ph},
	Slaccitation = {%%CITATION = ASTRO-PH/9504041;%%},
	Title = {{The Structure of dark matter halos in dwarf galaxies}},
	Volume = {171},
	Year = {1996},
	Bdsk-Url-1 = {http://dx.doi.org/10.1086/309560}}

@article{Steigman:2012nb,
	Archiveprefix = {arXiv},
	Author = {Steigman, Gary and Dasgupta, Basudeb and Beacom, John F.},
	Doi = {10.1103/PhysRevD.86.023506},
	Eprint = {1204.3622},
	Journal = {Phys. Rev.},
	Pages = {023506},
	Primaryclass = {hep-ph},
	Slaccitation = {%%CITATION = ARXIV:1204.3622;%%},
	Title = {{Precise Relic WIMP Abundance and its Impact on Searches for Dark Matter Annihilation}},
	Volume = {D86},
	Year = {2012},
	Bdsk-Url-1 = {http://dx.doi.org/10.1103/PhysRevD.86.023506}}

@article{Rephaeli:2015nca,
	Archiveprefix = {arXiv},
	Author = {Ackermann, M. and others},
	Collaboration = {Fermi-LAT},
	Doi = {10.3847/0004-637X/819/2/149},
	Eprint = {1507.08995},
	Journal = {Astrophys. J.},
	Number = {2},
	Pages = {149},
	Primaryclass = {astro-ph.HE},
	Slaccitation = {%%CITATION = ARXIV:1507.08995;%%},
	Title = {{Search for gamma-ray emission from the Coma Cluster with six years of Fermi-LAT data}},
	Volume = {819},
	Year = {2016},
	Bdsk-Url-1 = {http://dx.doi.org/10.3847/0004-637X/819/2/149}}

@article{Ackermann:2017nya,
	Archiveprefix = {arXiv},
	Author = {Ackermann, M. and others},
	Collaboration = {Fermi-LAT},
	Date-Added = {2017-07-31 02:29:59 +0000},
	Date-Modified = {2017-07-31 02:29:59 +0000},
	Doi = {10.3847/1538-4357/aa5c3d},
	Eprint = {1702.08602},
	Journal = {Astrophys. J.},
	Number = {2},
	Pages = {208},
	Primaryclass = {astro-ph.HE},
	Slaccitation = {%%CITATION = ARXIV:1702.08602;%%},
	Title = {{Observations of M31 and M33 with the Fermi Large Area Telescope: A Galactic Center Excess in Andromeda?}},
	Volume = {836},
	Year = {2017},
	Bdsk-Url-1 = {http://dx.doi.org/10.3847/1538-4357/aa5c3d}}

@article{Ackermann:2015fdi,
	Archiveprefix = {arXiv},
	Author = {Ackermann, M. and others},
	Collaboration = {Fermi-LAT},
	Doi = {10.1088/0004-637X/812/2/159},
	Eprint = {1510.00004},
	Journal = {Astrophys. J.},
	Number = {2},
	Pages = {159},
	Primaryclass = {astro-ph.HE},
	Slaccitation = {%%CITATION = ARXIV:1510.00004;%%},
	Title = {{Search for extended gamma-ray emission from the Virgo galaxy cluster with Fermi-LAT}},
	Volume = {812},
	Year = {2015},
	Bdsk-Url-1 = {http://dx.doi.org/10.1088/0004-637X/812/2/159}}

@article{Cuoco:2015rfa,
	Archiveprefix = {arXiv},
	Author = {Cuoco, Alessandro and Xia, Jun-Qing and Regis, Marco and Branchini, Enzo and Fornengo, Nicolao and Viel, Matteo},
	Doi = {10.1088/0067-0049/221/2/29},
	Eprint = {1506.01030},
	Journal = {Astrophys. J. Suppl.},
	Number = {2},
	Pages = {29},
	Primaryclass = {astro-ph.HE},
	Slaccitation = {%%CITATION = ARXIV:1506.01030;%%},
	Title = {{Dark Matter Searches in the Gamma-ray Extragalactic Background via Cross-correlations With Galaxy Catalogs}},
	Volume = {221},
	Year = {2015},
	Bdsk-Url-1 = {http://dx.doi.org/10.1088/0067-0049/221/2/29}}

@article{Ludlow:2013vxa,
	Archiveprefix = {arXiv},
	Author = {Ludlow, Aaron D. and Navarro, Julio F. and Angulo, Raul E. and Boylan-Kolchin, Michael and Springel, Volker and Frenk, Carlos and White, Simon D. M.},
	Date-Added = {2017-03-03 15:57:05 +0000},
	Date-Modified = {2017-03-03 15:57:05 +0000},
	Doi = {10.1093/mnras/stu483},
	Eprint = {1312.0945},
	Journal = {Mon. Not. Roy. Astron. Soc.},
	Number = {1},
	Pages = {378-388},
	Primaryclass = {astro-ph.CO},
	Slaccitation = {%%CITATION = ARXIV:1312.0945;%%},
	Title = {{The mass--concentration--redshift relation of cold dark matter haloes}},
	Volume = {441},
	Year = {2014},
	Bdsk-Url-1 = {http://dx.doi.org/10.1093/mnras/stu483}}

@article{Anderhalden:2013wd,
	Archiveprefix = {arXiv},
	Author = {Anderhalden, Donnino and Diemand, Juerg},
	Date-Added = {2017-03-03 15:56:56 +0000},
	Date-Modified = {2017-03-03 15:56:56 +0000},
	Doi = {10.1088/1475-7516/2013/04/009, 10.1088/1475-7516/2013/08/E02},
	Eprint = {1302.0003},
	Journal = {JCAP},
	Note = {[Erratum: JCAP1308,E02(2013)]},
	Pages = {009},
	Primaryclass = {astro-ph.CO},
	Slaccitation = {%%CITATION = ARXIV:1302.0003;%%},
	Title = {{Density Profiles of CDM Microhalos and their Implications for Annihilation Boost Factors}},
	Volume = {1304},
	Year = {2013},
	Bdsk-Url-1 = {http://dx.doi.org/10.1088/1475-7516/2013/04/009,%2010.1088/1475-7516/2013/08/E02}}

@article{Correa:2015dva,
	Archiveprefix = {arXiv},
	Author = {Correa, Camila A. and Wyithe, J. Stuart B. and Schaye, Joop and Duffy, Alan R.},
	Date-Added = {2017-03-03 15:56:48 +0000},
	Date-Modified = {2017-03-03 15:56:48 +0000},
	Doi = {10.1093/mnras/stv1363},
	Eprint = {1502.00391},
	Journal = {Mon. Not. Roy. Astron. Soc.},
	Number = {2},
	Pages = {1217-1232},
	Primaryclass = {astro-ph.CO},
	Slaccitation = {%%CITATION = ARXIV:1502.00391;%%},
	Title = {{The accretion history of dark matter haloes -- III. A physical model for the concentration--mass relation}},
	Volume = {452},
	Year = {2015},
	Bdsk-Url-1 = {http://dx.doi.org/10.1093/mnras/stv1363}}

@article{2010ApJ...724..878T,
	Adsnote = {Provided by the SAO/NASA Astrophysics Data System},
	Adsurl = {http://adsabs.harvard.edu/abs/2010ApJ...724..878T},
	Archiveprefix = {arXiv},
	Author = {{Tinker}, J.~L. and {Robertson}, B.~E. and {Kravtsov}, A.~V. and {Klypin}, A. and {Warren}, M.~S. and {Yepes}, G. and {Gottl{\"o}ber}, S.},
	Date-Added = {2017-03-03 15:48:31 +0000},
	Date-Modified = {2017-03-03 15:48:51 +0000},
	Doi = {10.1088/0004-637X/724/2/878},
	Eprint = {1001.3162},
	Journal = {Astrophys. J.},
	Keywords = {cosmology: theory, large-scale structure of universe, methods: numerical},
	Month = dec,
	Pages = {878-886},
	Title = {{The Large-scale Bias of Dark Matter Halos: Numerical Calibration and Model Tests}},
	Volume = 724,
	Year = 2010,
	Bdsk-Url-1 = {http://dx.doi.org/10.1088/0004-637X/724/2/878}}

@article{Jenkins:2000bv,
	Archiveprefix = {arXiv},
	Author = {Jenkins, A. and Frenk, C. S. and White, Simon D. M. and Colberg, J. M. and Cole, S. and Evrard, August E. and Couchman, H. M. P. and Yoshida, N.},
	Date-Added = {2017-03-03 15:48:23 +0000},
	Date-Modified = {2017-03-03 15:48:23 +0000},
	Doi = {10.1046/j.1365-8711.2001.04029.x},
	Eprint = {astro-ph/0005260},
	Journal = {Mon. Not. Roy. Astron. Soc.},
	Pages = {372},
	Primaryclass = {astro-ph},
	Slaccitation = {%%CITATION = ASTRO-PH/0005260;%%},
	Title = {{The Mass function of dark matter halos}},
	Volume = {321},
	Year = {2001},
	Bdsk-Url-1 = {http://dx.doi.org/10.1046/j.1365-8711.2001.04029.x}}

@article{Press:1973iz,
	Author = {Press, William H. and Schechter, Paul},
	Date-Added = {2017-03-03 15:48:15 +0000},
	Date-Modified = {2017-03-03 15:48:15 +0000},
	Doi = {10.1086/152650},
	Journal = {Astrophys. J.},
	Pages = {425-438},
	Slaccitation = {%%CITATION = ASJOA,187,425;%%},
	Title = {{Formation of galaxies and clusters of galaxies by selfsimilar gravitational condensation}},
	Volume = {187},
	Year = {1974},
	Bdsk-Url-1 = {http://dx.doi.org/10.1086/152650}}

@article{2013ApJ...770...57B,
	Adsnote = {Provided by the SAO/NASA Astrophysics Data System},
	Adsurl = {http://adsabs.harvard.edu/abs/2013ApJ...770...57B},
	Archiveprefix = {arXiv},
	Author = {{Behroozi}, P.~S. and {Wechsler}, R.~H. and {Conroy}, C.},
	Date-Added = {2017-03-03 15:48:05 +0000},
	Date-Modified = {2017-03-03 15:48:47 +0000},
	Doi = {10.1088/0004-637X/770/1/57},
	Eid = {57},
	Eprint = {1207.6105},
	Journal = {Astrophys. J.},
	Keywords = {dark matter, galaxies: abundances, galaxies: evolution, methods: numerical},
	Month = jun,
	Pages = {57},
	Primaryclass = {astro-ph.CO},
	Title = {{The Average Star Formation Histories of Galaxies in Dark Matter Halos from z = 0-8}},
	Volume = 770,
	Year = 2013,
	Bdsk-Url-1 = {http://dx.doi.org/10.1088/0004-637X/770/1/57}}

@article{Sheth:1999su,
	Archiveprefix = {arXiv},
	Author = {Sheth, Ravi K. and Mo, H. J. and Tormen, Giuseppe},
	Date-Added = {2017-03-03 15:47:39 +0000},
	Date-Modified = {2017-03-03 15:47:39 +0000},
	Doi = {10.1046/j.1365-8711.2001.04006.x},
	Eprint = {astro-ph/9907024},
	Journal = {Mon. Not. Roy. Astron. Soc.},
	Pages = {1},
	Primaryclass = {astro-ph},
	Slaccitation = {%%CITATION = ASTRO-PH/9907024;%%},
	Title = {{Ellipsoidal collapse and an improved model for the number and spatial distribution of dark matter haloes}},
	Volume = {323},
	Year = {2001},
	Bdsk-Url-1 = {http://dx.doi.org/10.1046/j.1365-8711.2001.04006.x}}

@article{Szapudi:2000xj,
	Archiveprefix = {arXiv},
	Author = {Szapudi, Istvan and Prunet, Simon and Pogosyan, Dmitry and Szalay, Alexander S. and Bond, J. Richard},
	Date-Added = {2017-03-03 15:24:35 +0000},
	Date-Modified = {2017-03-03 15:24:35 +0000},
	Eprint = {astro-ph/0010256},
	Primaryclass = {astro-ph},
	Slaccitation = {%%CITATION = ASTRO-PH/0010256;%%},
	Title = {{Fast CMB analyses via correlation functions}},
	Year = {2000}}

@article{Challinor:2004pr,
	Archiveprefix = {arXiv},
	Author = {Challinor, Anthony and Chon, Gayoung},
	Date-Added = {2017-03-03 15:24:04 +0000},
	Date-Modified = {2017-03-03 15:24:04 +0000},
	Doi = {10.1111/j.1365-2966.2005.09076.x},
	Eprint = {astro-ph/0410097},
	Journal = {Mon. Not. Roy. Astron. Soc.},
	Pages = {509-532},
	Primaryclass = {astro-ph},
	Slaccitation = {%%CITATION = ASTRO-PH/0410097;%%},
	Title = {{Error analysis of quadratic power spectrum estimates for CMB polarization: Sampling covariance}},
	Volume = {360},
	Year = {2005},
	Bdsk-Url-1 = {http://dx.doi.org/10.1111/j.1365-2966.2005.09076.x}}

@article{2004MNRAS.350..914C,
	Adsnote = {Provided by the SAO/NASA Astrophysics Data System},
	Adsurl = {http://adsabs.harvard.edu/abs/2004MNRAS.350..914C},
	Author = {{Chon}, G. and {Challinor}, A. and {Prunet}, S. and {Hivon}, E. and {Szapudi}, I.},
	Date-Added = {2017-03-03 15:23:24 +0000},
	Date-Modified = {2017-03-03 15:25:51 +0000},
	Doi = {10.1111/j.1365-2966.2004.07737.x},
	Eprint = {astro-ph/0303414},
	Journal = {Mon. Not. Roy. Astron. Soc},
	Keywords = {methods: analytical:, methods: numerical, cosmic microwave background},
	Month = may,
	Pages = {914-926},
	Title = {{Fast estimation of polarization power spectra using correlation functions}},
	Volume = 350,
	Year = 2004,
	Bdsk-Url-1 = {http://dx.doi.org/10.1111/j.1365-2966.2004.07737.x}}

@article{Ade:2013zuv,
	Archiveprefix = {arXiv},
	Author = {Ade, P. A. R. and others},
	Collaboration = {Planck},
	Date-Added = {2017-03-03 14:36:16 +0000},
	Date-Modified = {2017-03-03 14:36:16 +0000},
	Doi = {10.1051/0004-6361/201321591},
	Eprint = {1303.5076},
	Journal = {Astron. Astrophys.},
	Pages = {A16},
	Primaryclass = {astro-ph.CO},
	Reportnumber = {CERN-PH-TH-2013-129},
	Slaccitation = {%%CITATION = ARXIV:1303.5076;%%},
	Title = {{Planck 2013 results. XVI. Cosmological parameters}},
	Volume = {571},
	Year = {2014},
	Bdsk-Url-1 = {http://dx.doi.org/10.1051/0004-6361/201321591}}

@article{Behroozi:2011ju,
	Archiveprefix = {arXiv},
	Author = {Behroozi, Peter S. and Wechsler, Risa H. and Wu, Hao-Yi},
	Date-Added = {2017-02-23 20:31:18 +0000},
	Date-Modified = {2017-02-23 20:31:18 +0000},
	Doi = {10.1088/0004-637X/762/2/109},
	Eprint = {1110.4372},
	Journal = {Astrophys. J.},
	Pages = {109},
	Primaryclass = {astro-ph.CO},
	Reportnumber = {SLAC-PUB-15331},
	Slaccitation = {%%CITATION = ARXIV:1110.4372;%%},
	Title = {{The Rockstar Phase-Space Temporal Halo Finder and the Velocity Offsets of Cluster Cores}},
	Volume = {762},
	Year = {2013},
	Bdsk-Url-1 = {http://dx.doi.org/10.1088/0004-637X/762/2/109}}

@article{Lehmann:2015ioa,
	Archiveprefix = {arXiv},
	Author = {Lehmann, Benjamin V. and Mao, Yao-Yuan and Becker, Matthew R. and Skillman, Samuel W. and Wechsler, Risa H.},
	Date-Added = {2017-02-23 20:20:30 +0000},
	Date-Modified = {2017-02-23 20:20:30 +0000},
	Doi = {10.3847/1538-4357/834/1/37},
	Eprint = {1510.05651},
	Journal = {Astrophys. J.},
	Number = {1},
	Pages = {37},
	Primaryclass = {astro-ph.CO},
	Slaccitation = {%%CITATION = ARXIV:1510.05651;%%},
	Title = {{The Concentration Dependence of the Galaxy-Halo Connection: Modeling Assembly Bias with Abundance Matching}},
	Volume = {834},
	Year = {2017},
	Bdsk-Url-1 = {http://dx.doi.org/10.3847/1538-4357/834/1/37}}

@article{Lu:2016vmu,
	Archiveprefix = {arXiv},
	Author = {Lu, Yi and Yang, Xiaohu and Shi, Feng and Mo, H. J. and Tweed, Dylan and Wang, Huiyuan and Zhang, Youcai and Li, Shijie and Lim, S. H.},
	Date-Added = {2017-02-23 20:10:04 +0000},
	Date-Modified = {2017-02-23 20:10:04 +0000},
	Doi = {10.3847/0004-637X/832/1/39},
	Eprint = {1607.03982},
	Journal = {Astrophys. J.},
	Number = {1},
	Pages = {39},
	Primaryclass = {astro-ph.GA},
	Slaccitation = {%%CITATION = ARXIV:1607.03982;%%},
	Title = {{Galaxy groups in the 2MASS Redshift Survey}},
	Volume = {832},
	Year = {2016},
	Bdsk-Url-1 = {http://dx.doi.org/10.3847/0004-637X/832/1/39}}

@article{Ando:2017alx,
	Archiveprefix = {arXiv},
	Author = {Ando, Shin'ichiro and Fornasa, Mattia and Fornengo, Nicolao and Regis, Marco and Zechlin, Hannes-S.},
	Date-Added = {2017-02-23 19:47:06 +0000},
	Date-Modified = {2017-02-23 19:47:06 +0000},
	Eprint = {1701.06988},
	Primaryclass = {astro-ph.HE},
	Slaccitation = {%%CITATION = ARXIV:1701.06988;%%},
	Title = {{Astrophysical interpretation of the anisotropies in the unresolved gamma-ray background}},
	Year = {2017}}

@article{Fornasa:2012gu,
	Archiveprefix = {arXiv},
	Author = {Fornasa, Mattia and Zavala, Jesus and Sanchez-Conde, Miguel A. and Siegal-Gaskins, Jennifer M. and Delahaye, Timur and Prada, Francisco and Vogelsberger, Mark and Zandanel, Fabio and Frenk, Carlos S.},
	Date-Added = {2017-02-23 19:46:27 +0000},
	Date-Modified = {2017-02-23 19:46:27 +0000},
	Doi = {10.1093/mnras/sts444},
	Eprint = {1207.0502},
	Journal = {Mon. Not. Roy. Astron. Soc.},
	Pages = {1529-1553},
	Primaryclass = {astro-ph.HE},
	Slaccitation = {%%CITATION = ARXIV:1207.0502;%%},
	Title = {{Characterization of Dark-Matter-induced anisotropies in the diffuse gamma-ray background}},
	Volume = {429},
	Year = {2013},
	Bdsk-Url-1 = {http://dx.doi.org/10.1093/mnras/sts444}}

@article{Feroz:2008xx,
	Archiveprefix = {arXiv},
	Author = {Feroz, F. and Hobson, M. P. and Bridges, M.},
	Doi = {10.1111/j.1365-2966.2009.14548.x},
	Eprint = {0809.3437},
	Journal = {Mon. Not. Roy. Astron. Soc.},
	Pages = {1601-1614},
	Primaryclass = {astro-ph},
	Slaccitation = {%%CITATION = ARXIV:0809.3437;%%},
	Title = {{MultiNest: an efficient and robust Bayesian inference tool for cosmology and particle physics}},
	Volume = {398},
	Year = {2009},
	Bdsk-Url-1 = {http://dx.doi.org/10.1111/j.1365-2966.2009.14548.x}}

@article{Buchner:2014nha,
	Archiveprefix = {arXiv},
	Author = {Buchner, J. and Georgakakis, A. and Nandra, K. and Hsu, L. and Rangel, C. and Brightman, M. and Merloni, A. and Salvato, M. and Donley, J. and Kocevski, D.},
	Doi = {10.1051/0004-6361/201322971},
	Eprint = {1402.0004},
	Journal = {Astron. Astrophys.},
	Pages = {A125},
	Primaryclass = {astro-ph.HE},
	Slaccitation = {%%CITATION = ARXIV:1402.0004;%%},
	Title = {{X-ray spectral modelling of the AGN obscuring region in the CDFS: Bayesian model selection and catalogue}},
	Volume = {564},
	Year = {2014},
	Bdsk-Url-1 = {http://dx.doi.org/10.1051/0004-6361/201322971}}

@article{Reiprich:2001zv,
	Archiveprefix = {arXiv},
	Author = {Reiprich, Thomas H. and Boehringer, Hans},
	Doi = {10.1086/338753},
	Eprint = {astro-ph/0111285},
	Journal = {Astrophys. J.},
	Pages = {716-740},
	Primaryclass = {astro-ph},
	Slaccitation = {%%CITATION = ASTRO-PH/0111285;%%},
	Title = {{The Mass function of an X-ray flux-limited sample of galaxy clusters}},
	Volume = {567},
	Year = {2002},
	Bdsk-Url-1 = {http://dx.doi.org/10.1086/338753}}

@article{Chen:2007sz,
	Archiveprefix = {arXiv},
	Author = {Chen, Yong and Reiprich, T. H. and Bohringer, H. and Ikebe, Y. and Zhang, Y. -Y.},
	Doi = {10.1051/0004-6361:20066471},
	Eprint = {astro-ph/0702482},
	Journal = {Astron. Astrophys.},
	Note = {[Astron. Astrophys.466,805(2007)]},
	Primaryclass = {astro-ph},
	Slaccitation = {%%CITATION = ASTRO-PH/0702482;%%},
	Title = {{Statistics of X-ray observables for the cooling-core and non-cooling core galaxy clusters}},
	Year = {2007},
	Bdsk-Url-1 = {http://dx.doi.org/10.1051/0004-6361:20066471}}

@article{Gorski:2004by,
	Archiveprefix = {arXiv},
	Author = {Gorski, K. M. and Hivon, Eric and Banday, A. J. and Wandelt, B. D. and Hansen, F. K. and Reinecke, M. and Bartelman, M.},
	Date-Added = {2016-09-28 23:47:38 +0000},
	Date-Modified = {2016-09-28 23:47:38 +0000},
	Doi = {10.1086/427976},
	Eprint = {astro-ph/0409513},
	Journal = {Astrophys. J.},
	Pages = {759-771},
	Primaryclass = {astro-ph},
	Slaccitation = {%%CITATION = ASTRO-PH/0409513;%%},
	Title = {{HEALPix - A Framework for high resolution discretization, and fast analysis of data distributed on the sphere}},
	Volume = {622},
	Year = {2005},
	Bdsk-Url-1 = {http://dx.doi.org/10.1086/427976}}

@article{Mishra-Sharma:2016gis,
	Archiveprefix = {arXiv},
	Author = {Mishra-Sharma, Siddharth and Rodd, Nicholas L. and Safdi, Benjamin R.},
	Doi = {10.3847/1538-3881/aa6d5f},
	Eprint = {1612.03173},
	Journal = {Astron. J.},
	Number = {6},
	Pages = {253},
	Primaryclass = {astro-ph.HE},
	Reportnumber = {MIT-CTP-4864, PUPT-2515},
	Slaccitation = {%%CITATION = ARXIV:1612.03173;%%},
	Title = {{NPTFit: A code package for Non-Poissonian Template Fitting}},
	Volume = {153},
	Year = {2017},
	Bdsk-Url-1 = {http://dx.doi.org/10.3847/1538-3881/aa6d5f}}

@article{Hu:2002we,
	Author = {Hu, Wayne and Kravtsov, Andrey V.},
	Date-Added = {2016-10-04 03:14:09 +0000},
	Date-Modified = {2016-10-04 03:14:09 +0000},
	Doi = {10.1086/345846},
	Eprint = {astro-ph/0203169},
	Journal = {Astrophys. J.},
	Pages = {702-715},
	Slaccitation = {%%CITATION = ASTRO-PH/0203169;%%},
	Title = {{Sample variance considerations for cluster surveys}},
	Volume = {584},
	Year = {2003},
	Bdsk-Url-1 = {http://dx.doi.org/10.1086/345846}}

@article{Acero:2015hja,
	Archiveprefix = {arXiv},
	Author = {Acero, F. and others},
	Collaboration = {Fermi-LAT},
	Doi = {10.1088/0067-0049/218/2/23},
	Eprint = {1501.02003},
	Journal = {Astrophys. J. Suppl.},
	Number = {2},
	Pages = {23},
	Primaryclass = {astro-ph.HE},
	Slaccitation = {%%CITATION = ARXIV:1501.02003;%%},
	Title = {{Fermi Large Area Telescope Third Source Catalog}},
	Volume = {218},
	Year = {2015},
	Bdsk-Url-1 = {http://dx.doi.org/10.1088/0067-0049/218/2/23}}

@article{Elor:2015tva,
	Archiveprefix = {arXiv},
	Author = {Elor, Gilly and Rodd, Nicholas L. and Slatyer, Tracy R.},
	Doi = {10.1103/PhysRevD.91.103531},
	Eprint = {1503.01773},
	Journal = {Phys. Rev.},
	Pages = {103531},
	Primaryclass = {hep-ph},
	Reportnumber = {MIT-CTP-4647},
	Slaccitation = {%%CITATION = ARXIV:1503.01773;%%},
	Title = {{Multistep cascade annihilations of dark matter and the Galactic Center excess}},
	Volume = {D91},
	Year = {2015},
	Bdsk-Url-1 = {http://dx.doi.org/10.1103/PhysRevD.91.103531}}

@article{Elor:2015bho,
	Archiveprefix = {arXiv},
	Author = {Elor, Gilly and Rodd, Nicholas L. and Slatyer, Tracy R. and Xue, Wei},
	Doi = {10.1088/1475-7516/2016/06/024},
	Eprint = {1511.08787},
	Journal = {JCAP},
	Number = {06},
	Pages = {024},
	Primaryclass = {hep-ph},
	Reportnumber = {MIT-CTP-4742},
	Slaccitation = {%%CITATION = ARXIV:1511.08787;%%},
	Title = {{Model-Independent Indirect Detection Constraints on Hidden Sector Dark Matter}},
	Volume = {1606},
	Year = {2016},
	Bdsk-Url-1 = {http://dx.doi.org/10.1088/1475-7516/2016/06/024}}

@article{Bilicki:2013sza,
	Archiveprefix = {arXiv},
	Author = {Bilicki, Maciej and Jarrett, Thomas H. and Peacock, John A. and Cluver, Michelle E. and Steward, Louise},
	Doi = {10.1088/0067-0049/210/1/9},
	Eprint = {1311.5246},
	Journal = {Astrophys. J. Suppl.},
	Pages = {9},
	Primaryclass = {astro-ph.CO},
	Slaccitation = {%%CITATION = ARXIV:1311.5246;%%},
	Title = {{2MASS Photometric Redshift catalog: a comprehensive three-dimensional census of the whole sky}},
	Volume = {210},
	Year = {2013},
	Bdsk-Url-1 = {http://dx.doi.org/10.1088/0067-0049/210/1/9}}

@article{Huchra:2011ii,
	Archiveprefix = {arXiv},
	Author = {Huchra, John P. and others},
	Doi = {10.1088/0067-0049/199/2/26},
	Eprint = {1108.0669},
	Journal = {Astrophys. J. Suppl.},
	Pages = {26},
	Primaryclass = {astro-ph.CO},
	Slaccitation = {%%CITATION = ARXIV:1108.0669;%%},
	Title = {{The 2MASS Redshift Survey - Description and Data Release}},
	Volume = {199},
	Year = {2012},
	Bdsk-Url-1 = {http://dx.doi.org/10.1088/0067-0049/199/2/26}}

@article{Tully:2015opa,
	Archiveprefix = {arXiv},
	Author = {Tully, R. Brent},
	Doi = {10.1088/0004-6256/149/5/171},
	Eprint = {1503.03134},
	Journal = {Astron. J.},
	Pages = {171},
	Primaryclass = {astro-ph.CO},
	Slaccitation = {%%CITATION = ARXIV:1503.03134;%%},
	Title = {{Galaxy Groups: A 2MASS Catalog}},
	Volume = {149},
	Year = {2015},
	Bdsk-Url-1 = {http://dx.doi.org/10.1088/0004-6256/149/5/171}}

@article{Portillo:2014ena,
	Author = {Portillo, Stephen K. N. and Finkbeiner, Douglas P.},
	Doi = {10.1088/0004-637X/796/1/54},
	Eprint = {1406.0507},
	Journal = {Astrophys. J.},
	Number = {1},
	Pages = {54},
	Slaccitation = {%%CITATION = ARXIV:1406.0507;%%},
	Title = {{Sharper Fermi LAT Images: instrument response functions for an improved event selection}},
	Volume = {796},
	Year = {2014},
	Bdsk-Url-1 = {http://dx.doi.org/10.1088/0004-637X/796/1/54}}

@article{Giannantonio:2008zi,
	Author = {Giannantonio, Tommaso and Scranton, Ryan and Crittenden, Robert G. and Nichol, Robert C. and Boughn, Stephen P. and Myers, Adam D. and Richards, Gordon T.},
	Date-Added = {2016-10-03 13:25:14 +0000},
	Date-Modified = {2016-10-03 13:25:14 +0000},
	Doi = {10.1103/PhysRevD.77.123520},
	Eprint = {0801.4380},
	Journal = {Phys. Rev.},
	Pages = {123520},
	Slaccitation = {%%CITATION = ARXIV:0801.4380;%%},
	Title = {{Combined analysis of the integrated Sachs-Wolfe effect and cosmological implications}},
	Volume = {D77},
	Year = {2008},
	Bdsk-Url-1 = {http://dx.doi.org/10.1103/PhysRevD.77.123520}}

@article{Kuhlen:2012ft,
	Author = {Kuhlen, Michael and Vogelsberger, Mark and Angulo, Raul},
	Date-Added = {2016-10-01 20:23:46 +0000},
	Date-Modified = {2016-10-01 20:23:46 +0000},
	Doi = {10.1016/j.dark.2012.10.002},
	Eprint = {1209.5745},
	Journal = {Phys. Dark Univ.},
	Pages = {50-93},
	Slaccitation = {%%CITATION = ARXIV:1209.5745;%%},
	Title = {{Numerical Simulations of the Dark Universe: State of the Art and the Next Decade}},
	Volume = {1},
	Year = {2012},
	Bdsk-Url-1 = {http://dx.doi.org/10.1016/j.dark.2012.10.002}}

@article{Bartels:2015uba,
	Archiveprefix = {arXiv},
	Author = {Bartels, Richard and Ando, Shin'ichiro},
	Doi = {10.1103/PhysRevD.92.123508},
	Eprint = {1507.08656},
	Journal = {Phys. Rev.},
	Number = {12},
	Pages = {123508},
	Primaryclass = {astro-ph.CO},
	Slaccitation = {%%CITATION = ARXIV:1507.08656;%%},
	Title = {{Boosting the annihilation boost: Tidal effects on dark matter subhalos and consistent luminosity modeling}},
	Volume = {D92},
	Year = {2015},
	Bdsk-Url-1 = {http://dx.doi.org/10.1103/PhysRevD.92.123508}}

@article{Dutton:2014xda,
	Archiveprefix = {arXiv},
	Author = {Dutton, Aaron A. and Macci{\`o}, Andrea V.},
	Doi = {10.1093/mnras/stu742},
	Eprint = {1402.7073},
	Journal = {Mon. Not. Roy. Astron. Soc.},
	Number = {4},
	Pages = {3359-3374},
	Primaryclass = {astro-ph.CO},
	Slaccitation = {%%CITATION = ARXIV:1402.7073;%%},
	Title = {{Cold dark matter haloes in the Planck era: evolution of structural parameters for Einasto and NFW profiles}},
	Volume = {441},
	Year = {2014},
	Bdsk-Url-1 = {http://dx.doi.org/10.1093/mnras/stu742}}

@article{Klypin:2014kpa,
	Archiveprefix = {arXiv},
	Author = {Klypin, Anatoly and Yepes, Gustavo and Gottlober, Stefan and Prada, Francisco and Hess, Steffen},
	Doi = {10.1093/mnras/stw248},
	Eprint = {1411.4001},
	Journal = {Mon. Not. Roy. Astron. Soc.},
	Number = {4},
	Pages = {4340-4359},
	Primaryclass = {astro-ph.CO},
	Slaccitation = {%%CITATION = ARXIV:1411.4001;%%},
	Title = {{MultiDark simulations: the story of dark matter halo concentrations and density profiles}},
	Volume = {457},
	Year = {2016},
	Bdsk-Url-1 = {http://dx.doi.org/10.1093/mnras/stw248}}

@article{Diemer:2014gba,
	Archiveprefix = {arXiv},
	Author = {Diemer, Benedikt and Kravtsov, Andrey V.},
	Doi = {10.1088/0004-637X/799/1/108},
	Eprint = {1407.4730},
	Journal = {Astrophys. J.},
	Number = {1},
	Pages = {108},
	Primaryclass = {astro-ph.CO},
	Slaccitation = {%%CITATION = ARXIV:1407.4730;%%},
	Title = {{A universal model for halo concentrations}},
	Volume = {799},
	Year = {2015},
	Bdsk-Url-1 = {http://dx.doi.org/10.1088/0004-637X/799/1/108}}

@article{Prada:2011jf,
	Archiveprefix = {arXiv},
	Author = {Prada, Francisco and Klypin, Anatoly A. and Cuesta, Antonio J. and Betancort-Rijo, Juan E. and Primack, Joel},
	Doi = {10.1111/j.1365-2966.2012.21007.x},
	Eprint = {1104.5130},
	Journal = {Mon. Not. Roy. Astron. Soc.},
	Pages = {3018-3030},
	Primaryclass = {astro-ph.CO},
	Slaccitation = {%%CITATION = ARXIV:1104.5130;%%},
	Title = {{Halo concentrations in the standard LCDM cosmology}},
	Volume = {423},
	Year = {2012},
	Bdsk-Url-1 = {http://dx.doi.org/10.1111/j.1365-2966.2012.21007.x}}

@article{Moline:2016pbm,
	Archiveprefix = {arXiv},
	Author = {Molin{\'e}, {\'A}ngeles and S{\'a}nchez-Conde, Miguel A. and Palomares-Ruiz, Sergio and Prada, Francisco},
	Doi = {10.1093/mnras/stx026},
	Eprint = {1603.04057},
	Journal = {Mon. Not. Roy. Astron. Soc.},
	Number = {4},
	Pages = {4974-4990},
	Primaryclass = {astro-ph.CO},
	Reportnumber = {CFTP-16-006, IFIC-16-15},
	Slaccitation = {%%CITATION = ARXIV:1603.04057;%%},
	Title = {{Characterization of subhalo structural properties and implications for dark matter annihilation signals}},
	Volume = {466},
	Year = {2017},
	Bdsk-Url-1 = {http://dx.doi.org/10.1093/mnras/stx026}}

@article{Cirelli:2010xx,
	Archiveprefix = {arXiv},
	Author = {Cirelli, Marco and Corcella, Gennaro and Hektor, Andi and Hutsi, Gert and Kadastik, Mario and Panci, Paolo and Raidal, Martti and Sala, Filippo and Strumia, Alessandro},
	Doi = {10.1088/1475-7516/2012/10/E01, 10.1088/1475-7516/2011/03/051},
	Eprint = {1012.4515},
	Journal = {JCAP},
	Note = {[Erratum: JCAP1210,E01(2012)]},
	Pages = {051},
	Primaryclass = {hep-ph},
	Reportnumber = {CERN-PH-TH-2010-057, SACLAY-T10-025, IFUP-TH-2010-44},
	Slaccitation = {%%CITATION = ARXIV:1012.4515;%%},
	Title = {{PPPC 4 DM ID: A Poor Particle Physicist Cookbook for Dark Matter Indirect Detection}},
	Volume = {1103},
	Year = {2011},
	Bdsk-Url-1 = {http://dx.doi.org/10.1088/1475-7516/2012/10/E01,%2010.1088/1475-7516/2011/03/051}}

@article{Bryan:1997dn,
	Archiveprefix = {arXiv},
	Author = {Bryan, G. L. and Norman, M. L.},
	Doi = {10.1086/305262},
	Eprint = {astro-ph/9710107},
	Journal = {Astrophys. J.},
	Pages = {80},
	Primaryclass = {astro-ph},
	Slaccitation = {%%CITATION = ASTRO-PH/9710107;%%},
	Title = {{Statistical properties of x-ray clusters: Analytic and numerical comparisons}},
	Volume = {495},
	Year = {1998},
	Bdsk-Url-1 = {http://dx.doi.org/10.1086/305262}}

@article{Fornengo:2013rga,
	Author = {Fornengo, Nicolao and Regis, Marco},
	Date-Added = {2016-09-26 04:15:24 +0000},
	Date-Modified = {2016-09-26 04:15:24 +0000},
	Doi = {10.3389/fphy.2014.00006},
	Eprint = {1312.4835},
	Journal = {Front. Physics},
	Pages = {6},
	Slaccitation = {%%CITATION = ARXIV:1312.4835;%%},
	Title = {{Particle dark matter searches in the anisotropic sky}},
	Volume = {2},
	Year = {2014},
	Bdsk-Url-1 = {http://dx.doi.org/10.3389/fphy.2014.00006}}

@article{Ackermann:2012uf,
	Author = {Ackermann, M. and others},
	Collaboration = {Fermi-LAT},
	Date-Added = {2016-09-26 04:04:37 +0000},
	Date-Modified = {2016-09-26 04:04:37 +0000},
	Doi = {10.1103/PhysRevD.85.109901, 10.1103/PhysRevD.85.083007},
	Eprint = {1202.2856},
	Journal = {Phys. Rev.},
	Pages = {083007},
	Reportnumber = {TCC-025-11},
	Slaccitation = {%%CITATION = ARXIV:1202.2856;%%},
	Title = {{Anisotropies in the diffuse gamma-ray background measured by the Fermi LAT}},
	Volume = {D85},
	Year = {2012},
	Bdsk-Url-1 = {http://dx.doi.org/10.1103/PhysRevD.85.109901,%2010.1103/PhysRevD.85.083007}}

@article{Ando:2006cr,
	Archiveprefix = {arXiv},
	Author = {Ando, Shin'ichiro and Komatsu, Eiichiro and Narumoto, Takuro and Totani, Tomonori},
	Doi = {10.1103/PhysRevD.75.063519},
	Eprint = {astro-ph/0612467},
	Journal = {Phys. Rev.},
	Pages = {063519},
	Primaryclass = {astro-ph},
	Slaccitation = {%%CITATION = ASTRO-PH/0612467;%%},
	Title = {{Dark matter annihilation or unresolved astrophysical sources? Anisotropy probe of the origin of cosmic gamma-ray background}},
	Volume = {D75},
	Year = {2007},
	Bdsk-Url-1 = {http://dx.doi.org/10.1103/PhysRevD.75.063519}}

@article{Xia:2011ax,
	Archiveprefix = {arXiv},
	Author = {Xia, Jun-Qing and Cuoco, Alessandro and Branchini, Enzo and Fornasa, Mattia and Viel, Matteo},
	Doi = {10.1111/j.1365-2966.2011.19200.x},
	Eprint = {1103.4861},
	Journal = {Mon. Not. Roy. Astron. Soc.},
	Pages = {2247-2264},
	Primaryclass = {astro-ph.CO},
	Slaccitation = {%%CITATION = ARXIV:1103.4861;%%},
	Title = {{A cross-correlation study of the Fermi-LAT $\gamma$-ray diffuse extragalactic signal}},
	Volume = {416},
	Year = {2011},
	Bdsk-Url-1 = {http://dx.doi.org/10.1111/j.1365-2966.2011.19200.x}}

@article{Cholis:2013ena,
	Author = {Cholis, Ilias and Hooper, Dan and McDermott, Samuel D.},
	Date-Added = {2016-09-26 02:43:49 +0000},
	Date-Modified = {2016-09-26 02:43:49 +0000},
	Doi = {10.1088/1475-7516/2014/02/014},
	Eprint = {1312.0608},
	Journal = {JCAP},
	Pages = {014},
	Reportnumber = {FERMILAB-PUB-13-546-A, MCTP-13-40},
	Slaccitation = {%%CITATION = ARXIV:1312.0608;%%},
	Title = {{Dissecting the Gamma-Ray Background in Search of Dark Matter}},
	Volume = {1402},
	Year = {2014},
	Bdsk-Url-1 = {http://dx.doi.org/10.1088/1475-7516/2014/02/014}}

@article{Ando:2016ang,
	Archiveprefix = {arXiv},
	Author = {Ando, Shin'ichiro and Ishiwata, Koji},
	Doi = {10.1088/1475-7516/2016/06/045},
	Eprint = {1604.02263},
	Journal = {JCAP},
	Number = {06},
	Pages = {045},
	Primaryclass = {hep-ph},
	Reportnumber = {KANAZAWA-16-03},
	Slaccitation = {%%CITATION = ARXIV:1604.02263;%%},
	Title = {{Constraining particle dark matter using local galaxy distribution}},
	Volume = {1606},
	Year = {2016},
	Bdsk-Url-1 = {http://dx.doi.org/10.1088/1475-7516/2016/06/045}}

@article{Ando:2014aoa,
	Archiveprefix = {arXiv},
	Author = {Ando, Shin'ichiro},
	Doi = {10.1088/1475-7516/2014/10/061},
	Eprint = {1407.8502},
	Journal = {JCAP},
	Number = {10},
	Pages = {061},
	Primaryclass = {astro-ph.CO},
	Slaccitation = {%%CITATION = ARXIV:1407.8502;%%},
	Title = {{Power spectrum tomography of dark matter annihilation with local galaxy distribution}},
	Volume = {1410},
	Year = {2014},
	Bdsk-Url-1 = {http://dx.doi.org/10.1088/1475-7516/2014/10/061}}

@article{Ando:2013xwa,
	Archiveprefix = {arXiv},
	Author = {Ando, Shin'ichiro and Benoit-L{\'e}vy, Aur{\'e}lien and Komatsu, Eiichiro},
	Doi = {10.1103/PhysRevD.90.023514},
	Eprint = {1312.4403},
	Journal = {Phys. Rev.},
	Number = {2},
	Pages = {023514},
	Primaryclass = {astro-ph.CO},
	Slaccitation = {%%CITATION = ARXIV:1312.4403;%%},
	Title = {{Mapping dark matter in the gamma-ray sky with galaxy catalogs}},
	Volume = {D90},
	Year = {2014},
	Bdsk-Url-1 = {http://dx.doi.org/10.1103/PhysRevD.90.023514}}

@article{Ando:2013ff,
	Archiveprefix = {arXiv},
	Author = {Ando, Shin'ichiro and Komatsu, Eiichiro},
	Doi = {10.1103/PhysRevD.87.123539},
	Eprint = {1301.5901},
	Journal = {Phys. Rev.},
	Number = {12},
	Pages = {123539},
	Primaryclass = {astro-ph.CO},
	Slaccitation = {%%CITATION = ARXIV:1301.5901;%%},
	Title = {{Constraints on the annihilation cross section of dark matter particles from anisotropies in the diffuse gamma-ray background measured with Fermi-LAT}},
	Volume = {D87},
	Year = {2013},
	Bdsk-Url-1 = {http://dx.doi.org/10.1103/PhysRevD.87.123539}}

@article{Fornasa:2016ohl,
	Archiveprefix = {arXiv},
	Author = {Fornasa, Mattia and others},
	Doi = {10.1103/PhysRevD.94.123005},
	Eprint = {1608.07289},
	Journal = {Phys. Rev.},
	Number = {12},
	Pages = {123005},
	Primaryclass = {astro-ph.HE},
	Slaccitation = {%%CITATION = ARXIV:1608.07289;%%},
	Title = {{Angular power spectrum of the diffuse gamma-ray emission as measured by the Fermi Large Area Telescope and constraints on its dark matter interpretation}},
	Volume = {D94},
	Year = {2016},
	Bdsk-Url-1 = {http://dx.doi.org/10.1103/PhysRevD.94.123005}}

@article{Regis:2015zka,
	Archiveprefix = {arXiv},
	Author = {Regis, Marco and Xia, Jun-Qing and Cuoco, Alessandro and Branchini, Enzo and Fornengo, Nicolao and Viel, Matteo},
	Doi = {10.1103/PhysRevLett.114.241301},
	Eprint = {1503.05922},
	Journal = {Phys. Rev. Lett.},
	Number = {24},
	Pages = {241301},
	Primaryclass = {astro-ph.CO},
	Slaccitation = {%%CITATION = ARXIV:1503.05922;%%},
	Title = {{Particle dark matter searches outside the Local Group}},
	Volume = {114},
	Year = {2015},
	Bdsk-Url-1 = {http://dx.doi.org/10.1103/PhysRevLett.114.241301}}

@article{Xia:2015wka,
	Archiveprefix = {arXiv},
	Author = {Xia, Jun-Qing and Cuoco, Alessandro and Branchini, Enzo and Viel, Matteo},
	Doi = {10.1088/0067-0049/217/1/15},
	Eprint = {1503.05918},
	Journal = {Astrophys. J. Suppl.},
	Number = {1},
	Pages = {15},
	Primaryclass = {astro-ph.CO},
	Slaccitation = {%%CITATION = ARXIV:1503.05918;%%},
	Title = {{Tomography of the Fermi-lat $\gamma$-ray Diffuse Extragalactic Signal via Cross Correlations With Galaxy Catalogs}},
	Volume = {217},
	Year = {2015},
	Bdsk-Url-1 = {http://dx.doi.org/10.1088/0067-0049/217/1/15}}

@article{Reddick:2012qy,
	Archiveprefix = {arXiv},
	Author = {Reddick, Rachel M. and Wechsler, Risa H. and Tinker, Jeremy L. and Behroozi, Peter S.},
	Doi = {10.1088/0004-637X/771/1/30},
	Eprint = {1207.2160},
	Journal = {Astrophys. J.},
	Pages = {30},
	Primaryclass = {astro-ph.CO},
	Reportnumber = {SLAC-PUB-15183},
	Slaccitation = {%%CITATION = ARXIV:1207.2160;%%},
	Title = {{The Connection between Galaxies and Dark Matter Structures in the Local Universe}},
	Volume = {771},
	Year = {2013},
	Bdsk-Url-1 = {http://dx.doi.org/10.1088/0004-637X/771/1/30}}

@article{Ludlow:2012wh,
	Archiveprefix = {arXiv},
	Author = {Ludlow, Aaron D. and Navarro, Julio F. and Li, Ming and Angulo, Raul E. and Boylan-Kolchin, Michael and Bett, Philip E.},
	Doi = {10.1111/j.1365-2966.2012.21892.x},
	Eprint = {1206.1049},
	Journal = {Mon. Not. Roy. Astron. Soc.},
	Pages = {1322},
	Primaryclass = {astro-ph.CO},
	Slaccitation = {%%CITATION = ARXIV:1206.1049;%%},
	Title = {{The Dynamical State and Mass-Concentration Relation of Galaxy Clusters}},
	Volume = {427},
	Year = {2012},
	Bdsk-Url-1 = {http://dx.doi.org/10.1111/j.1365-2966.2012.21892.x}}

@article{Schaller:2014uwa,
	Archiveprefix = {arXiv},
	Author = {Schaller, Matthieu and Frenk, Carlos S. and Bower, Richard G. and Theuns, Tom and Jenkins, Adrian and Schaye, Joop and Crain, Robert A. and Furlong, Michelle and Vecchia, Claudio Dalla and McCarthy, I. G.},
	Doi = {10.1093/mnras/stv1067},
	Eprint = {1409.8617},
	Journal = {Mon. Not. Roy. Astron. Soc.},
	Number = {2},
	Pages = {1247-1267},
	Primaryclass = {astro-ph.CO},
	Slaccitation = {%%CITATION = ARXIV:1409.8617;%%},
	Title = {{Baryon effects on the internal structure of $\Lambda$CDM haloes in the EAGLE simulations}},
	Volume = {451},
	Year = {2015},
	Bdsk-Url-1 = {http://dx.doi.org/10.1093/mnras/stv1067}}

@article{Fermi-LAT:2016uux,
	Archiveprefix = {arXiv},
	Author = {Albert, A. and others},
	Collaboration = {DES, Fermi-LAT},
	Doi = {10.3847/1538-4357/834/2/110},
	Eprint = {1611.03184},
	Journal = {Astrophys. J.},
	Number = {2},
	Pages = {110},
	Primaryclass = {astro-ph.HE},
	Reportnumber = {FERMILAB-PUB-16-073-AE},
	Slaccitation = {%%CITATION = ARXIV:1611.03184;%%},
	Title = {{Searching for Dark Matter Annihilation in Recently Discovered Milky Way Satellites with Fermi-LAT}},
	Volume = {834},
	Year = {2017},
	Bdsk-Url-1 = {http://dx.doi.org/10.3847/1538-4357/834/2/110}}

@article{Behroozi:2010rx,
	Archiveprefix = {arXiv},
	Author = {Behroozi, Peter S. and Conroy, Charlie and Wechsler, Risa H.},
	Doi = {10.1088/0004-637X/717/1/379},
	Eprint = {1001.0015},
	Journal = {Astrophys. J.},
	Pages = {379-403},
	Primaryclass = {astro-ph.CO},
	Reportnumber = {SLAC-PUB-14110},
	Slaccitation = {%%CITATION = ARXIV:1001.0015;%%},
	Title = {{A Comprehensive Analysis of Uncertainties Affecting the Stellar Mass-Halo Mass Relation for 0<z<4}},
	Volume = {717},
	Year = {2010},
	Bdsk-Url-1 = {http://dx.doi.org/10.1088/0004-637X/717/1/379}}

@inproceedings{Warren:2013vma,
	Archiveprefix = {arXiv},
	Author = {Warren, Michael S.},
	Doi = {10.1145/2503210.2503220},
	Eprint = {1310.4502},
	Primaryclass = {astro-ph.IM},
	Reportnumber = {LA-UR-13-22336},
	Slaccitation = {%%CITATION = ARXIV:1310.4502;%%},
	Title = {{2HOT: An Improved Parallel Hashed Oct-Tree N-Body Algorithm for Cosmological Simulation}},
	Url = {https://inspirehep.net/record/1261073/files/arXiv:1310.4502.pdf},
	Year = {2013},
	Bdsk-Url-1 = {https://inspirehep.net/record/1261073/files/arXiv:1310.4502.pdf},
	Bdsk-Url-2 = {http://dx.doi.org/10.1145/2503210.2503220}}

@article{Ackermann:2015tah,
	Archiveprefix = {arXiv},
	Author = {Ackermann, M. and others},
	Collaboration = {Fermi-LAT},
	Doi = {10.1088/1475-7516/2015/09/008},
	Eprint = {1501.05464},
	Journal = {JCAP},
	Number = {09},
	Pages = {008},
	Primaryclass = {astro-ph.CO},
	Reportnumber = {FERMILAB-PUB-15-052-A},
	Slaccitation = {%%CITATION = ARXIV:1501.05464;%%},
	Title = {{Limits on Dark Matter Annihilation Signals from the Fermi LAT 4-year Measurement of the Isotropic Gamma-Ray Background}},
	Volume = {1509},
	Year = {2015},
	Bdsk-Url-1 = {http://dx.doi.org/10.1088/1475-7516/2015/09/008}}

@article{Finkbeiner:2003im,
	Author = {Finkbeiner, Douglas P.},
	Doi = {10.1086/423482},
	Eprint = {astro-ph/0311547},
	Journal = {Astrophys. J.},
	Pages = {186-193},
	Slaccitation = {%%CITATION = ASTRO-PH/0311547;%%},
	Title = {{Microwave ism emission observed by wmap}},
	Volume = {614},
	Year = {2004},
	Bdsk-Url-1 = {http://dx.doi.org/10.1086/423482}}

@article{Dobler:2007wv,
	Author = {Dobler, Gregory and Finkbeiner, Douglas P.},
	Doi = {10.1086/587862},
	Eprint = {0712.1038},
	Journal = {Astrophys. J.},
	Pages = {1222-1234},
	Slaccitation = {%%CITATION = ARXIV:0712.1038;%%},
	Title = {{Extended Anomalous Foreground Emission in the WMAP 3-Year Data}},
	Volume = {680},
	Year = {2008},
	Bdsk-Url-1 = {http://dx.doi.org/10.1086/587862}}

@article{Dobler:2009xz,
	Author = {Dobler, Gregory and Finkbeiner, Douglas P. and Cholis, Ilias and Slatyer, Tracy R. and Weiner, Neal},
	Doi = {10.1088/0004-637X/717/2/825},
	Eprint = {0910.4583},
	Journal = {Astrophys. J.},
	Pages = {825-842},
	Slaccitation = {%%CITATION = ARXIV:0910.4583;%%},
	Title = {{The Fermi Haze: A Gamma-Ray Counterpart to the Microwave Haze}},
	Volume = {717},
	Year = {2010},
	Bdsk-Url-1 = {http://dx.doi.org/10.1088/0004-637X/717/2/825}}

@article{Su:2010qj,
	Archiveprefix = {arXiv},
	Author = {Su, Meng and Slatyer, Tracy R. and Finkbeiner, Douglas P.},
	Doi = {10.1088/0004-637X/724/2/1044},
	Eprint = {1005.5480},
	Journal = {Astrophys. J.},
	Pages = {1044-1082},
	Primaryclass = {astro-ph.HE},
	Slaccitation = {%%CITATION = ARXIV:1005.5480;%%},
	Title = {{Giant Gamma-ray Bubbles from Fermi-LAT: AGN Activity or Bipolar Galactic Wind?}},
	Volume = {724},
	Year = {2010},
	Bdsk-Url-1 = {http://dx.doi.org/10.1088/0004-637X/724/2/1044}}

@article{Huang:2013pda,
	Author = {Huang, Wei-Chih and Urbano, Alfredo and Xue, Wei},
	Eprint = {1307.6862},
	Slaccitation = {%%CITATION = ARXIV:1307.6862;%%},
	Title = {{Fermi Bubbles under Dark Matter Scrutiny. Part I: Astrophysical Analysis}},
	Year = {2013}}

@article{Fermi-LAT:2014sfa,
	Author = {Ackermann, M. and others},
	Collaboration = {Fermi-LAT},
	Doi = {10.1088/0004-637X/793/1/64},
	Eprint = {1407.7905},
	Journal = {Astrophys. J.},
	Number = {1},
	Pages = {64},
	Slaccitation = {%%CITATION = ARXIV:1407.7905;%%},
	Title = {{The Spectrum and Morphology of the $Fermi$ Bubbles}},
	Volume = {793},
	Year = {2014},
	Bdsk-Url-1 = {http://dx.doi.org/10.1088/0004-637X/793/1/64}}

@article{Narayanan:2016nzy,
	Author = {Narayanan, Sruthi A. and Slatyer, Tracy R.},
	Eprint = {1603.06582},
	Slaccitation = {%%CITATION = ARXIV:1603.06582;%%},
	Title = {{A Latitude-Dependent Analysis of the Leptonic Hypothesis for the Fermi Bubbles}},
	Year = {2016}}

@article{Goodenough:2009gk,
	Author = {Goodenough, Lisa and Hooper, Dan},
	Eprint = {0910.2998},
	Reportnumber = {FERMILAB-PUB-09-494-A},
	Slaccitation = {%%CITATION = ARXIV:0910.2998;%%},
	Title = {{Possible Evidence For Dark Matter Annihilation In The Inner Milky Way From The Fermi Gamma Ray Space Telescope}},
	Year = {2009}}

@article{Hooper:2010mq,
	Author = {Hooper, Dan and Goodenough, Lisa},
	Doi = {10.1016/j.physletb.2011.02.029},
	Eprint = {1010.2752},
	Journal = {Phys. Lett.},
	Pages = {412-428},
	Reportnumber = {FERMILAB-PUB-10-414-A},
	Slaccitation = {%%CITATION = ARXIV:1010.2752;%%},
	Title = {{Dark Matter Annihilation in The Galactic Center As Seen by the Fermi Gamma Ray Space Telescope}},
	Volume = {B697},
	Year = {2011},
	Bdsk-Url-1 = {http://dx.doi.org/10.1016/j.physletb.2011.02.029}}

@article{Hooper:2011ti,
	Author = {Hooper, Dan and Linden, Tim},
	Doi = {10.1103/PhysRevD.84.123005},
	Eprint = {1110.0006},
	Journal = {Phys. Rev.},
	Pages = {123005},
	Reportnumber = {FERMILAB-PUB-11-505-A},
	Slaccitation = {%%CITATION = ARXIV:1110.0006;%%},
	Title = {{On The Origin Of The Gamma Rays From The Galactic Center}},
	Volume = {D84},
	Year = {2011},
	Bdsk-Url-1 = {http://dx.doi.org/10.1103/PhysRevD.84.123005}}

@article{Abazajian:2012pn,
	Author = {Abazajian, Kevork N. and Kaplinghat, Manoj},
	Doi = {10.1103/PhysRevD.86.083511, 10.1103/PhysRevD.87.129902},
	Eprint = {1207.6047},
	Journal = {Phys. Rev.},
	Note = {[Erratum: Phys. Rev.D87,129902(2013)]},
	Pages = {083511},
	Slaccitation = {%%CITATION = ARXIV:1207.6047;%%},
	Title = {{Detection of a Gamma-Ray Source in the Galactic Center Consistent with Extended Emission from Dark Matter Annihilation and Concentrated Astrophysical Emission}},
	Volume = {D86},
	Year = {2012},
	Bdsk-Url-1 = {http://dx.doi.org/10.1103/PhysRevD.86.083511,%2010.1103/PhysRevD.87.129902}}

@article{Hooper:2013rwa,
	Author = {Hooper, Dan and Slatyer, Tracy R.},
	Doi = {10.1016/j.dark.2013.06.003},
	Eprint = {1302.6589},
	Journal = {Phys. Dark Univ.},
	Pages = {118-138},
	Reportnumber = {FERMILAB-PUB-13-052-A},
	Slaccitation = {%%CITATION = ARXIV:1302.6589;%%},
	Title = {{Two Emission Mechanisms in the Fermi Bubbles: A Possible Signal of Annihilating Dark Matter}},
	Volume = {2},
	Year = {2013},
	Bdsk-Url-1 = {http://dx.doi.org/10.1016/j.dark.2013.06.003}}

@article{Gordon:2013vta,
	Author = {Gordon, Chris and Macias, Oscar},
	Doi = {10.1103/PhysRevD.88.083521, 10.1103/PhysRevD.89.049901},
	Eprint = {1306.5725},
	Journal = {Phys. Rev.},
	Note = {[Erratum: Phys. Rev.D89,no.4,049901(2014)]},
	Number = {8},
	Pages = {083521},
	Slaccitation = {%%CITATION = ARXIV:1306.5725;%%},
	Title = {{Dark Matter and Pulsar Model Constraints from Galactic Center Fermi-LAT Gamma Ray Observations}},
	Volume = {D88},
	Year = {2013},
	Bdsk-Url-1 = {http://dx.doi.org/10.1103/PhysRevD.88.083521,%2010.1103/PhysRevD.89.049901}}

@article{Macias:2013vya,
	Author = {Macias, Oscar and Gordon, Chris},
	Doi = {10.1103/PhysRevD.89.063515},
	Eprint = {1312.6671},
	Journal = {Phys. Rev.},
	Number = {6},
	Pages = {063515},
	Slaccitation = {%%CITATION = ARXIV:1312.6671;%%},
	Title = {{Contribution of cosmic rays interacting with molecular clouds to the Galactic Center gamma-ray excess}},
	Volume = {D89},
	Year = {2014},
	Bdsk-Url-1 = {http://dx.doi.org/10.1103/PhysRevD.89.063515}}

@article{Abazajian:2014fta,
	Author = {Abazajian, Kevork N. and Canac, Nicolas and Horiuchi, Shunsaku and Kaplinghat, Manoj},
	Doi = {10.1103/PhysRevD.90.023526},
	Eprint = {1402.4090},
	Journal = {Phys. Rev.},
	Number = {2},
	Pages = {023526},
	Slaccitation = {%%CITATION = ARXIV:1402.4090;%%},
	Title = {{Astrophysical and Dark Matter Interpretations of Extended Gamma-Ray Emission from the Galactic Center}},
	Volume = {D90},
	Year = {2014},
	Bdsk-Url-1 = {http://dx.doi.org/10.1103/PhysRevD.90.023526}}

@article{Daylan:2014rsa,
	Author = {Daylan, Tansu and Finkbeiner, Douglas P. and Hooper, Dan and Linden, Tim and Portillo, Stephen K. N. and Rodd, Nicholas L. and Slatyer, Tracy R.},
	Doi = {10.1016/j.dark.2015.12.005},
	Eprint = {1402.6703},
	Journal = {Phys. Dark Univ.},
	Pages = {1-23},
	Reportnumber = {FERMILAB-PUB-14-032-A, MIT-CTP-4533},
	Slaccitation = {%%CITATION = ARXIV:1402.6703;%%},
	Title = {{The characterization of the gamma-ray signal from the central Milky Way: A case for annihilating dark matter}},
	Volume = {12},
	Year = {2016},
	Bdsk-Url-1 = {http://dx.doi.org/10.1016/j.dark.2015.12.005}}

@article{Zhou:2014lva,
	Author = {Zhou, Bei and Liang, Yun-Feng and Huang, Xiaoyuan and Li, Xiang and Fan, Yi-Zhong and Feng, Lei and Chang, Jin},
	Doi = {10.1103/PhysRevD.91.123010},
	Eprint = {1406.6948},
	Journal = {Phys. Rev.},
	Number = {12},
	Pages = {123010},
	Slaccitation = {%%CITATION = ARXIV:1406.6948;%%},
	Title = {{GeV excess in the Milky Way: The role of diffuse galactic gamma-ray emission templates}},
	Volume = {D91},
	Year = {2015},
	Bdsk-Url-1 = {http://dx.doi.org/10.1103/PhysRevD.91.123010}}

@article{Calore:2014xka,
	Author = {Calore, Francesca and Cholis, Ilias and Weniger, Christoph},
	Doi = {10.1088/1475-7516/2015/03/038},
	Eprint = {1409.0042},
	Journal = {JCAP},
	Pages = {038},
	Reportnumber = {FERMILAB-PUB-14-289-A},
	Slaccitation = {%%CITATION = ARXIV:1409.0042;%%},
	Title = {{Background model systematics for the Fermi GeV excess}},
	Volume = {1503},
	Year = {2015},
	Bdsk-Url-1 = {http://dx.doi.org/10.1088/1475-7516/2015/03/038}}

@article{Macias:2014sta,
	Author = {Macias, Oscar and Crocker, Roland and Gordon, Chris and Profumo, Stefano},
	Doi = {10.1093/mnras/stv1002},
	Eprint = {1410.1678},
	Journal = {Mon. Not. Roy. Astron. Soc.},
	Number = {2},
	Pages = {1833-1847},
	Slaccitation = {%%CITATION = ARXIV:1410.1678;%%},
	Title = {{Cosmic ray models of the ridge-like excess of gamma rays in the Galactic Centre}},
	Volume = {451},
	Year = {2015},
	Bdsk-Url-1 = {http://dx.doi.org/10.1093/mnras/stv1002}}

@article{Abazajian:2014hsa,
	Author = {Abazajian, Kevork N. and Canac, Nicolas and Horiuchi, Shunsaku and Kaplinghat, Manoj and Kwa, Anna},
	Doi = {10.1088/1475-7516/2015/07/013},
	Eprint = {1410.6168},
	Journal = {JCAP},
	Number = {07},
	Pages = {013},
	Slaccitation = {%%CITATION = ARXIV:1410.6168;%%},
	Title = {{Discovery of a New Galactic Center Excess Consistent with Upscattered Starlight}},
	Volume = {1507},
	Year = {2015},
	Bdsk-Url-1 = {http://dx.doi.org/10.1088/1475-7516/2015/07/013}}

@article{Gordon:2014gya,
	Author = {Gordon, Chris and Macias, Oscar},
	Booktitle = {{Proceedings, 3rd Meeting on Cosmic rays and their interstellar medium (CRISM 2014): Montpellier, France, June 24-27, 2014}},
	Eprint = {1410.7840},
	Journal = {PoS},
	Pages = {042},
	Slaccitation = {%%CITATION = ARXIV:1410.7840;%%},
	Title = {{Can Cosmic Rays Interacting With Molecular Clouds Explain The Galactic Center Gamma-Ray Excess?}},
	Volume = {CRISM2014},
	Year = {2015}}

@article{Carlson:2015ona,
	Author = {Carlson, Eric and Linden, Tim and Profumo, Stefano},
	Doi = {10.1103/PhysRevLett.117.111101},
	Eprint = {1510.04698},
	Journal = {Phys. Rev. Lett.},
	Number = {11},
	Pages = {111101},
	Slaccitation = {%%CITATION = ARXIV:1510.04698;%%},
	Title = {{Putting Things Back Where They Belong: Tracing Cosmic-Ray Injection with H2}},
	Volume = {117},
	Year = {2016},
	Bdsk-Url-1 = {http://dx.doi.org/10.1103/PhysRevLett.117.111101}}

@article{TheFermi-LAT:2015kwa,
	Author = {Ajello, M. and others},
	Collaboration = {Fermi-LAT},
	Doi = {10.3847/0004-637X/819/1/44},
	Eprint = {1511.02938},
	Journal = {Astrophys. J.},
	Number = {1},
	Pages = {44},
	Slaccitation = {%%CITATION = ARXIV:1511.02938;%%},
	Title = {{Fermi-LAT Observations of High-Energy $\gamma$-Ray Emission Toward the Galactic Center}},
	Volume = {819},
	Year = {2016},
	Bdsk-Url-1 = {http://dx.doi.org/10.3847/0004-637X/819/1/44}}

@article{Lacroix:2015wfx,
	Author = {Lacroix, Thomas and Macias, Oscar and Gordon, Chris and Panci, Paolo and B{\oe}hm, C{\'e}line and Silk, Joseph},
	Doi = {10.1103/PhysRevD.93.103004},
	Eprint = {1512.01846},
	Journal = {Phys. Rev.},
	Number = {10},
	Pages = {103004},
	Slaccitation = {%%CITATION = ARXIV:1512.01846;%%},
	Title = {{Spatial morphology of the secondary emission in the Galactic Center gamma-ray excess}},
	Volume = {D93},
	Year = {2016},
	Bdsk-Url-1 = {http://dx.doi.org/10.1103/PhysRevD.93.103004}}

@article{Carlson:2016iis,
	Author = {Carlson, Eric and Linden, Tim and Profumo, Stefano},
	Doi = {10.1103/PhysRevD.94.063504},
	Eprint = {1603.06584},
	Journal = {Phys. Rev.},
	Number = {6},
	Pages = {063504},
	Slaccitation = {%%CITATION = ARXIV:1603.06584;%%},
	Title = {{Improved Cosmic-Ray Injection Models and the Galactic Center Gamma-Ray Excess}},
	Volume = {D94},
	Year = {2016},
	Bdsk-Url-1 = {http://dx.doi.org/10.1103/PhysRevD.94.063504}}

@article{Linden:2016rcf,
	Author = {Linden, Tim and Rodd, Nicholas L. and Safdi, Benjamin R. and Slatyer, Tracy R.},
	Eprint = {1604.01026},
	Slaccitation = {%%CITATION = ARXIV:1604.01026;%%},
	Title = {{The High-Energy Tail of the Galactic Center Gamma-Ray Excess}},
	Year = {2016}}

@article{Horiuchi:2016zwu,
	Author = {Horiuchi, Shunsaku and Kaplinghat, Manoj and Kwa, Anna},
	Eprint = {1604.01402},
	Slaccitation = {%%CITATION = ARXIV:1604.01402;%%},
	Title = {{Investigating the Uniformity of the Excess Gamma rays towards the Galactic Center Region}},
	Year = {2016}}

@article{Lee:2015fea,
	Author = {Lee, Samuel K. and Lisanti, Mariangela and Safdi, Benjamin R. and Slatyer, Tracy R. and Xue, Wei},
	Doi = {10.1103/PhysRevLett.116.051103},
	Eprint = {1506.05124},
	Journal = {Phys. Rev. Lett.},
	Number = {5},
	Pages = {051103},
	Reportnumber = {MIT-CTP-4684},
	Slaccitation = {%%CITATION = ARXIV:1506.05124;%%},
	Title = {{Evidence for Unresolved $\gamma$-Ray Point Sources in the Inner Galaxy}},
	Volume = {116},
	Year = {2016},
	Bdsk-Url-1 = {http://dx.doi.org/10.1103/PhysRevLett.116.051103}}

@article{Zechlin:2015wdz,
	Author = {Zechlin, Hannes-S. and Cuoco, Alessandro and Donato, Fiorenza and Fornengo, Nicolao and Vittino, Andrea},
	Doi = {10.3847/0067-0049/225/2/18},
	Eprint = {1512.07190},
	Journal = {Astrophys. J. Suppl.},
	Number = {2},
	Pages = {18},
	Reportnumber = {TUM-HEP-1034-15},
	Slaccitation = {%%CITATION = ARXIV:1512.07190;%%},
	Title = {{Unveiling the Gamma-ray Source Count Distribution Below the Fermi Detection Limit with Photon Statistics}},
	Volume = {225},
	Year = {2016},
	Bdsk-Url-1 = {http://dx.doi.org/10.3847/0067-0049/225/2/18}}

@article{Zechlin:2016pme,
	Author = {Zechlin, Hannes-S. and Cuoco, Alessandro and Donato, Fiorenza and Fornengo, Nicolao and Regis, Marco},
	Doi = {10.3847/2041-8205/826/2/L31},
	Eprint = {1605.04256},
	Journal = {Astrophys. J.},
	Number = {2},
	Pages = {L31},
	Slaccitation = {%%CITATION = ARXIV:1605.04256;%%},
	Title = {{Statistical Measurement of the Gamma-ray Source-count Distribution as a Function of Energy}},
	Volume = {826},
	Year = {2016},
	Bdsk-Url-1 = {http://dx.doi.org/10.3847/2041-8205/826/2/L31}}

@article{Lisanti:2016jub,
	Author = {Lisanti, Mariangela and Mishra-Sharma, Siddharth and Necib, Lina and Safdi, Benjamin R.},
	Eprint = {1606.04101},
	Reportnumber = {MIT-CTP-4808},
	Slaccitation = {%%CITATION = ARXIV:1606.04101;%%},
	Title = {{Deciphering Contributions to the Extragalactic Gamma-Ray Background from 2 GeV to 2 TeV}},
	Year = {2016}}

@article{Rolke:2004mj,
	Archiveprefix = {arXiv},
	Author = {Rolke, Wolfgang A. and Lopez, Angel M. and Conrad, Jan},
	Doi = {10.1016/j.nima.2005.05.068},
	Eprint = {physics/0403059},
	Journal = {Nucl. Instrum. Meth.},
	Pages = {493-503},
	Primaryclass = {physics},
	Slaccitation = {%%CITATION = PHYSICS/0403059;%%},
	Title = {{Limits and confidence intervals in the presence of nuisance parameters}},
	Volume = {A551},
	Year = {2005},
	Bdsk-Url-1 = {http://dx.doi.org/10.1016/j.nima.2005.05.068}}

@article{Ackermann:2011wa,
	Archiveprefix = {arXiv},
	Author = {Ackermann, M. and others},
	Collaboration = {Fermi-LAT},
	Doi = {10.1103/PhysRevLett.107.241302},
	Eprint = {1108.3546},
	Journal = {Phys. Rev. Lett.},
	Pages = {241302},
	Primaryclass = {astro-ph.HE},
	Reportnumber = {SLAC-PUB-15004},
	Slaccitation = {%%CITATION = ARXIV:1108.3546;%%},
	Title = {{Constraining Dark Matter Models from a Combined Analysis of Milky Way Satellites with the Fermi Large Area Telescope}},
	Volume = {107},
	Year = {2011},
	Bdsk-Url-1 = {http://dx.doi.org/10.1103/PhysRevLett.107.241302}}

@article{Ackermann:2013yva,
	Archiveprefix = {arXiv},
	Author = {Ackermann, M. and others},
	Collaboration = {Fermi-LAT},
	Doi = {10.1103/PhysRevD.89.042001},
	Eprint = {1310.0828},
	Journal = {Phys. Rev.},
	Pages = {042001},
	Primaryclass = {astro-ph.HE},
	Reportnumber = {FERMILAB-PUB-13-683-A},
	Slaccitation = {%%CITATION = ARXIV:1310.0828;%%},
	Title = {{Dark matter constraints from observations of 25 Milky Way satellite galaxies with the Fermi Large Area Telescope}},
	Volume = {D89},
	Year = {2014},
	Bdsk-Url-1 = {http://dx.doi.org/10.1103/PhysRevD.89.042001}}

@article{Ackermann:2015zua,
	Archiveprefix = {arXiv},
	Author = {Ackermann, M. and others},
	Collaboration = {Fermi-LAT},
	Doi = {10.1103/PhysRevLett.115.231301},
	Eprint = {1503.02641},
	Journal = {Phys. Rev. Lett.},
	Number = {23},
	Pages = {231301},
	Primaryclass = {astro-ph.HE},
	Reportnumber = {FERMILAB-PUB-15-081-AE},
	Slaccitation = {%%CITATION = ARXIV:1503.02641;%%},
	Title = {{Searching for Dark Matter Annihilation from Milky Way Dwarf Spheroidal Galaxies with Six Years of Fermi Large Area Telescope Data}},
	Volume = {115},
	Year = {2015},
	Bdsk-Url-1 = {http://dx.doi.org/10.1103/PhysRevLett.115.231301}}

@article{Vale:2005mw,
	Archiveprefix = {arXiv},
	Author = {Vale, Antonio and Ostriker, J. P.},
	Doi = {10.1111/j.1365-2966.2006.10605.x},
	Eprint = {astro-ph/0511816},
	Journal = {Mon. Not. Roy. Astron. Soc.},
	Pages = {1173-1187},
	Primaryclass = {astro-ph},
	Slaccitation = {%%CITATION = ASTRO-PH/0511816;%%},
	Title = {{The non-parametric model for linking galaxy luminosity with halo/subhalo mass}},
	Volume = {371},
	Year = {2006},
	Bdsk-Url-1 = {http://dx.doi.org/10.1111/j.1365-2966.2006.10605.x}}

@article{Skillman:2014qca,
	Archiveprefix = {arXiv},
	Author = {Skillman, Samuel W. and Warren, Michael S. and Turk, Matthew J. and Wechsler, Risa H. and Holz, Daniel E. and Sutter, P. M.},
	Eprint = {1407.2600},
	Primaryclass = {astro-ph.CO},
	Slaccitation = {%%CITATION = ARXIV:1407.2600;%%},
	Title = {{Dark Sky Simulations: Early Data Release}},
	Year = {2014}}

@article{Gao:2011rf,
	Archiveprefix = {arXiv},
	Author = {Gao, L. and Frenk, C. S. and Jenkins, A. and Springel, V. and White, S. D. M.},
	Doi = {10.1111/j.1365-2966.2011.19836.x},
	Eprint = {1107.1916},
	Journal = {Mon. Not. Roy. Astron. Soc.},
	Pages = {1721},
	Primaryclass = {astro-ph.CO},
	Slaccitation = {%%CITATION = ARXIV:1107.1916;%%},
	Title = {{Where will supersymmetric dark matter first be seen?}},
	Volume = {419},
	Year = {2012},
	Bdsk-Url-1 = {http://dx.doi.org/10.1111/j.1365-2966.2011.19836.x}}

@article{Duffy:2008pz,
	Archiveprefix = {arXiv},
	Author = {Duffy, Alan R. and Schaye, Joop and Kay, Scott T. and Dalla Vecchia, Claudio},
	Doi = {10.1111/j.1745-3933.2008.00537.x},
	Eprint = {0804.2486},
	Journal = {Mon. Not. Roy. Astron. Soc.},
	Note = {[Erratum: Mon. Not. Roy. Astron. Soc.415,L85(2011)]},
	Pages = {L64},
	Primaryclass = {astro-ph},
	Slaccitation = {%%CITATION = ARXIV:0804.2486;%%},
	Title = {{Dark matter halo concentrations in the Wilkinson Microwave Anisotropy Probe year 5 cosmology}},
	Volume = {390},
	Year = {2008},
	Bdsk-Url-1 = {http://dx.doi.org/10.1111/j.1745-3933.2008.00537.x}}

@comment{BibDesk Static Groups{
<?xml version="1.0" encoding="UTF-8"?>
<!DOCTYPE plist PUBLIC "-//Apple//DTD PLIST 1.0//EN" "http://www.apple.com/DTDs/PropertyList-1.0.dtd">
<plist version="1.0">
<array>
	<dict>
		<key>group name</key>
		<string>APS</string>
		<key>keys</key>
		<string>Ackermann:2012uf,Ando:2013ff,Fornasa:2016ohl,Ando:2006cr,Fornengo:2013rga</string>
	</dict>
	<dict>
		<key>group name</key>
		<string>boost</string>
		<key>keys</key>
		<string>Moline:2016pbm,Sanchez-Conde:2013yxa,Bartels:2015uba,Kuhlen:2012ft,Gao:2011rf</string>
	</dict>
	<dict>
		<key>group name</key>
		<string>CC</string>
		<key>keys</key>
		<string>Ando:2013xwa,Xia:2015wka,Regis:2015zka,Cuoco:2015rfa,Xia:2011ax,Ando:2014aoa,Ando:2016ang</string>
	</dict>
	<dict>
		<key>group name</key>
		<string>CC-OtherTracers</string>
		<key>keys</key>
		<string>Camera:2012cj,Choi:2015mnp,Troster:2016sgf,Shirasaki:2015nqp,Shirasaki:2014noa,Shirasaki:2016kol</string>
	</dict>
	<dict>
		<key>group name</key>
		<string>conc</string>
		<key>keys</key>
		<string>Correa:2015dva,Anderhalden:2013wd,Nezri:2012tu,Sanchez-Conde:2013yxa,Ludlow:2013vxa</string>
	</dict>
	<dict>
		<key>group name</key>
		<string>cvir</string>
		<key>keys</key>
		<string>Moline:2016pbm,Correa:2015dva,Prada:2011jf,Duffy:2008pz,Dutton:2014xda,Sanchez-Conde:2013yxa,Diemer:2014gba,Klypin:2014kpa</string>
	</dict>
	<dict>
		<key>group name</key>
		<string>Group</string>
		<key>keys</key>
		<string>Huchra:2011ii,Tully:2015opa,Bilicki:2013sza</string>
	</dict>
	<dict>
		<key>group name</key>
		<string>hmf</string>
		<key>keys</key>
		<string>Jenkins:2000bv,Sheth:1999su,2013ApJ...770...57B,Press:1973iz,2010ApJ...724..878T</string>
	</dict>
	<dict>
		<key>group name</key>
		<string>IGRB</string>
		<key>keys</key>
		<string>DiMauro:2015tfa,Ackermann:2015tah,Ajello:2015mfa,Cholis:2013ena</string>
	</dict>
	<dict>
		<key>group name</key>
		<string>igrbdm</string>
		<key>keys</key>
		<string>Bergstrom:2001jj,Ajello:2015mfa,Bengtsson:1990xf,Bertone:2004pz,Bottino:2004qi,DiMauro:2015tfa,Bringmann:2012ez,Ullio:2002pj</string>
	</dict>
	<dict>
		<key>group name</key>
		<string>S. Horiuchi</string>
		<key>keys</key>
		<string>Shirasaki:2014noa,Shirasaki:2015nqp,Shirasaki:2016kol</string>
	</dict>
</array>
</plist>
}}
