%% This BibTeX bibliography file was created using BibDesk.
%% http://bibdesk.sourceforge.net/

%% Created for Siddharth Mishra-Sharma at 2018-05-01 12:43:42 -0400 


%% Saved with string encoding Unicode (UTF-8) 



@article{Murase:2016gly,
	Archiveprefix = {arXiv},
	Author = {Murase, Kohta and Waxman, Eli},
	Date-Added = {2017-01-11 15:20:22 +0000},
	Date-Modified = {2017-01-11 15:20:22 +0000},
	Doi = {10.1103/PhysRevD.94.103006},
	Eprint = {1607.01601},
	Journal = {Phys. Rev.},
	Number = {10},
	Pages = {103006},
	Primaryclass = {astro-ph.HE},
	Slaccitation = {%%CITATION = ARXIV:1607.01601;%%},
	Title = {{Constraining High-Energy Cosmic Neutrino Sources: Implications and Prospects}},
	Volume = {D94},
	Year = {2016},
	Bdsk-Url-1 = {http://dx.doi.org/10.1103/PhysRevD.94.103006}}

@article{Padovani:2014cha,
	Archiveprefix = {arXiv},
	Author = {Padovani, P. and Giommi, P.},
	Date-Added = {2017-01-11 15:04:01 +0000},
	Date-Modified = {2017-01-11 15:04:01 +0000},
	Doi = {10.1093/mnrasl/slu164},
	Eprint = {1410.0497},
	Journal = {Mon. Not. Roy. Astron. Soc.},
	Number = {1},
	Pages = {L41-L45},
	Primaryclass = {astro-ph.HE},
	Slaccitation = {%%CITATION = ARXIV:1410.0497;%%},
	Title = {{A simplified view of blazars: the very high energy $\gamma$-ray vision}},
	Volume = {446},
	Year = {2015},
	Bdsk-Url-1 = {http://dx.doi.org/10.1093/mnrasl/slu164}}

@article{Padovani:2016wwn,
	Archiveprefix = {arXiv},
	Author = {Padovani, P. and Resconi, E. and Giommi, P. and Arsioli, B. and Chang, Y. L.},
	Date-Added = {2017-01-11 15:03:23 +0000},
	Date-Modified = {2017-01-11 15:03:23 +0000},
	Doi = {10.1093/mnras/stw228},
	Eprint = {1601.06550},
	Journal = {Mon. Not. Roy. Astron. Soc.},
	Number = {4},
	Pages = {3582-3592},
	Primaryclass = {astro-ph.HE},
	Slaccitation = {%%CITATION = ARXIV:1601.06550;%%},
	Title = {{Extreme blazars as counterparts of IceCube astrophysical neutrinos}},
	Volume = {457},
	Year = {2016},
	Bdsk-Url-1 = {http://dx.doi.org/10.1093/mnras/stw228}}

@article{Giommi:2015ela,
	Archiveprefix = {arXiv},
	Author = {Giommi, Paolo and Padovani, Paolo},
	Date-Added = {2017-01-11 15:03:11 +0000},
	Date-Modified = {2017-01-11 15:03:11 +0000},
	Doi = {10.1093/mnras/stv793},
	Eprint = {1504.01978},
	Journal = {Mon. Not. Roy. Astron. Soc.},
	Number = {3},
	Pages = {2404-2409},
	Primaryclass = {astro-ph.HE},
	Slaccitation = {%%CITATION = ARXIV:1504.01978;%%},
	Title = {{A simplified view of blazars: contribution to the X-ray and $\gamma$-ray cosmic backgrounds}},
	Volume = {450},
	Year = {2015},
	Bdsk-Url-1 = {http://dx.doi.org/10.1093/mnras/stv793}}

@article{Acero:2015hja,
	Archiveprefix = {arXiv},
	Author = {Acero, F. and others},
	Collaboration = {Fermi-LAT},
	Date-Added = {2016-08-26 17:55:49 +0000},
	Date-Modified = {2016-08-26 17:55:49 +0000},
	Doi = {10.1088/0067-0049/218/2/23},
	Eprint = {1501.02003},
	Journal = {Astrophys. J. Suppl.},
	Number = {2},
	Pages = {23},
	Primaryclass = {astro-ph.HE},
	Slaccitation = {%%CITATION = ARXIV:1501.02003;%%},
	Title = {{Fermi Large Area Telescope Third Source Catalog}},
	Volume = {218},
	Year = {2015},
	Bdsk-Url-1 = {http://dx.doi.org/10.1088/0067-0049/218/2/23}}

@article{Zechlin:2015wdz,
	Archiveprefix = {arXiv},
	Author = {Zechlin, Hannes-S. and Cuoco, Alessandro and Donato, Fiorenza and Fornengo, Nicolao and Vittino, Andrea},
	Date-Added = {2016-08-26 17:49:09 +0000},
	Date-Modified = {2016-08-26 17:49:09 +0000},
	Doi = {10.3847/0067-0049/225/2/18},
	Eprint = {1512.07190},
	Journal = {Astrophys. J. Suppl.},
	Number = {2},
	Pages = {18},
	Primaryclass = {astro-ph.HE},
	Reportnumber = {TUM-HEP-1034-15},
	Slaccitation = {%%CITATION = ARXIV:1512.07190;%%},
	Title = {{Unveiling the Gamma-ray Source Count Distribution Below the Fermi Detection Limit with Photon Statistics}},
	Volume = {225},
	Year = {2016},
	Bdsk-Url-1 = {http://dx.doi.org/10.3847/0067-0049/225/2/18}}

@article{Zechlin:2016pme,
	Archiveprefix = {arXiv},
	Author = {Zechlin, Hannes-S. and Cuoco, Alessandro and Donato, Fiorenza and Fornengo, Nicolao and Regis, Marco},
	Date-Added = {2016-08-26 17:49:00 +0000},
	Date-Modified = {2016-08-26 17:49:00 +0000},
	Doi = {10.3847/2041-8205/826/2/L31},
	Eprint = {1605.04256},
	Journal = {Astrophys. J.},
	Number = {2},
	Pages = {L31},
	Primaryclass = {astro-ph.HE},
	Slaccitation = {%%CITATION = ARXIV:1605.04256;%%},
	Title = {{Statistical Measurement of the Gamma-ray Source-count Distribution as a Function of Energy}},
	Volume = {826},
	Year = {2016},
	Bdsk-Url-1 = {http://dx.doi.org/10.3847/2041-8205/826/2/L31}}

@article{Boettcher:2013wxa,
	Archiveprefix = {arXiv},
	Author = {Boettcher, M. and Reimer, A. and Sweeney, K. and Prakash, A.},
	Date-Added = {2016-08-26 17:46:14 +0000},
	Date-Modified = {2016-08-26 17:46:14 +0000},
	Doi = {10.1088/0004-637X/768/1/54},
	Eprint = {1304.0605},
	Journal = {Astrophys. J.},
	Pages = {54},
	Primaryclass = {astro-ph.HE},
	Slaccitation = {%%CITATION = ARXIV:1304.0605;%%},
	Title = {{Leptonic and Hadronic Modeling of Fermi-Detected Blazars}},
	Volume = {768},
	Year = {2013},
	Bdsk-Url-1 = {http://dx.doi.org/10.1088/0004-637X/768/1/54}}

@article{Zdziarski:2015rsa,
	Archiveprefix = {arXiv},
	Author = {Zdziarski, Andrzej A. and B{\"o}ttcher, Markus},
	Date-Added = {2016-08-26 17:41:19 +0000},
	Date-Modified = {2016-08-26 17:41:19 +0000},
	Doi = {10.1093/mnrasl/slv039},
	Eprint = {1501.06124},
	Journal = {Mon. Not. Roy. Astron. Soc.},
	Number = {1},
	Pages = {L21-L25},
	Primaryclass = {astro-ph.HE},
	Slaccitation = {%%CITATION = ARXIV:1501.06124;%%},
	Title = {{Hadronic models of blazars require a change of the accretion paradigm}},
	Volume = {450},
	Year = {2015},
	Bdsk-Url-1 = {http://dx.doi.org/10.1093/mnrasl/slv039}}

@article{Cerruti:2014iwa,
	Archiveprefix = {arXiv},
	Author = {Cerruti, M. and Zech, A. and Boisson, C. and Inoue, S.},
	Date-Added = {2016-08-26 17:40:05 +0000},
	Date-Modified = {2016-08-26 17:40:05 +0000},
	Doi = {10.1093/mnras/stu2691},
	Eprint = {1411.5968},
	Journal = {Mon. Not. Roy. Astron. Soc.},
	Pages = {910-927},
	Primaryclass = {astro-ph.HE},
	Slaccitation = {%%CITATION = ARXIV:1411.5968;%%},
	Title = {{A hadronic origin for ultra-high-frequency-peaked BL Lac objects}},
	Volume = {448},
	Year = {2015},
	Bdsk-Url-1 = {http://dx.doi.org/10.1093/mnras/stu2691}}

@article{Tavecchio:2013fwa,
	Archiveprefix = {arXiv},
	Author = {Tavecchio, Fabrizio},
	Date-Added = {2016-08-26 17:39:23 +0000},
	Date-Modified = {2016-08-26 17:39:23 +0000},
	Doi = {10.1093/mnras/stt2437},
	Eprint = {1312.4281},
	Journal = {Mon. Not. Roy. Astron. Soc.},
	Number = {4},
	Pages = {3255-3262},
	Primaryclass = {astro-ph.HE},
	Slaccitation = {%%CITATION = ARXIV:1312.4281;%%},
	Title = {{On the hadronic cascade scenario for extreme BL Lacs}},
	Volume = {438},
	Year = {2014},
	Bdsk-Url-1 = {http://dx.doi.org/10.1093/mnras/stt2437}}

@article{Ghisellini:2009fj,
	Archiveprefix = {arXiv},
	Author = {Ghisellini, G. and Tavecchio, F. and Foschini, L. and Ghirlanda, G. and Maraschi, L. and Celotti, A.},
	Date-Added = {2016-08-25 02:03:04 +0000},
	Date-Modified = {2016-08-25 02:03:04 +0000},
	Doi = {10.1111/j.1365-2966.2009.15898.x},
	Eprint = {0909.0932},
	Journal = {Mon. Not. Roy. Astron. Soc.},
	Pages = {497},
	Primaryclass = {astro-ph.CO},
	Slaccitation = {%%CITATION = ARXIV:0909.0932;%%},
	Title = {{General physical properties of bright Fermi blazars}},
	Volume = {402},
	Year = {2010},
	Bdsk-Url-1 = {http://dx.doi.org/10.1111/j.1365-2966.2009.15898.x}}

@article{Ghisellini:1998it,
	Archiveprefix = {arXiv},
	Author = {Ghisellini, G. and Celotti, A. and Fossati, G. and Maraschi, L. and Comastri, A.},
	Date-Added = {2016-08-25 01:59:10 +0000},
	Date-Modified = {2016-08-25 01:59:10 +0000},
	Doi = {10.1046/j.1365-8711.1998.02032.x},
	Eprint = {astro-ph/9807317},
	Journal = {Mon. Not. Roy. Astron. Soc.},
	Pages = {451},
	Primaryclass = {astro-ph},
	Slaccitation = {%%CITATION = ASTRO-PH/9807317;%%},
	Title = {{A Theoretical unifying scheme for gamma-ray bright blazars}},
	Volume = {301},
	Year = {1998},
	Bdsk-Url-1 = {http://dx.doi.org/10.1046/j.1365-8711.1998.02032.x}}

@article{Fossati:1998zn,
	Archiveprefix = {arXiv},
	Author = {Fossati, G. and Maraschi, L. and Celotti, A. and Comastri, A. and Ghisellini, G.},
	Date-Added = {2016-08-25 01:50:57 +0000},
	Date-Modified = {2016-08-25 01:50:57 +0000},
	Doi = {10.1046/j.1365-8711.1998.01828.x},
	Eprint = {astro-ph/9804103},
	Journal = {Mon. Not. Roy. Astron. Soc.},
	Pages = {433-448},
	Primaryclass = {astro-ph},
	Slaccitation = {%%CITATION = ASTRO-PH/9804103;%%},
	Title = {{A Unifying view of the spectral energy distributions of blazars}},
	Volume = {299},
	Year = {1998},
	Bdsk-Url-1 = {http://dx.doi.org/10.1046/j.1365-8711.1998.01828.x}}

@article{Aartsen:2015knd,
	Archiveprefix = {arXiv},
	Author = {Aartsen, M. G. and others},
	Collaboration = {IceCube},
	Doi = {10.1088/0004-637X/809/1/98},
	Eprint = {1507.03991},
	Journal = {Astrophys. J.},
	Number = {1},
	Pages = {98},
	Primaryclass = {astro-ph.HE},
	Slaccitation = {%%CITATION = ARXIV:1507.03991;%%},
	Title = {{A combined maximum-likelihood analysis of the high-energy astrophysical neutrino flux measured with IceCube}},
	Volume = {809},
	Year = {2015},
	Bdsk-Url-1 = {http://dx.doi.org/10.1088/0004-637X/809/1/98}}

@article{Aartsen:2015rwa,
	Archiveprefix = {arXiv},
	Author = {Aartsen, M. G. and others},
	Collaboration = {IceCube},
	Doi = {10.1103/PhysRevLett.115.081102},
	Eprint = {1507.04005},
	Journal = {Phys. Rev. Lett.},
	Number = {8},
	Pages = {081102},
	Primaryclass = {astro-ph.HE},
	Slaccitation = {%%CITATION = ARXIV:1507.04005;%%},
	Title = {{Evidence for Astrophysical Muon Neutrinos from the Northern Sky with IceCube}},
	Volume = {115},
	Year = {2015},
	Bdsk-Url-1 = {http://dx.doi.org/10.1103/PhysRevLett.115.081102}}

@article{Aartsen:2013bka,
	Archiveprefix = {arXiv},
	Author = {Aartsen, M. G. and others},
	Collaboration = {IceCube},
	Doi = {10.1103/PhysRevLett.111.021103},
	Eprint = {1304.5356},
	Journal = {Phys. Rev. Lett.},
	Pages = {021103},
	Primaryclass = {astro-ph.HE},
	Slaccitation = {%%CITATION = ARXIV:1304.5356;%%},
	Title = {{First observation of PeV-energy neutrinos with IceCube}},
	Volume = {111},
	Year = {2013},
	Bdsk-Url-1 = {http://dx.doi.org/10.1103/PhysRevLett.111.021103}}

@article{Aartsen:2013jdh,
	Archiveprefix = {arXiv},
	Author = {Aartsen, M. G. and others},
	Collaboration = {IceCube},
	Doi = {10.1126/science.1242856},
	Eprint = {1311.5238},
	Journal = {Science},
	Pages = {1242856},
	Primaryclass = {astro-ph.HE},
	Slaccitation = {%%CITATION = ARXIV:1311.5238;%%},
	Title = {{Evidence for High-Energy Extraterrestrial Neutrinos at the IceCube Detector}},
	Volume = {342},
	Year = {2013},
	Bdsk-Url-1 = {http://dx.doi.org/10.1126/science.1242856}}

@article{Abazajian:2010pc,
	Archiveprefix = {arXiv},
	Author = {Abazajian, Kevork N. and Blanchet, Steve and Harding, J. Patrick},
	Doi = {10.1103/PhysRevD.84.103007},
	Eprint = {1012.1247},
	Journal = {Phys. Rev.},
	Pages = {103007},
	Primaryclass = {astro-ph.CO},
	Reportnumber = {UMD-PP-10-022},
	Slaccitation = {%%CITATION = ARXIV:1012.1247;%%},
	Title = {{The Contribution of Blazars to the Extragalactic Diffuse Gamma-ray Background and Their Future Spatial Resolution}},
	Volume = {D84},
	Year = {2011},
	Bdsk-Url-1 = {http://dx.doi.org/10.1103/PhysRevD.84.103007}}

@article{Abdo:2010ge,
	Archiveprefix = {arXiv},
	Author = {Abdo, A. A.},
	Collaboration = {Fermi-LAT},
	Doi = {10.1088/0004-637X/715/1/429},
	Eprint = {1002.0150},
	Journal = {Astrophys. J.},
	Pages = {429-457},
	Primaryclass = {astro-ph.HE},
	Slaccitation = {%%CITATION = ARXIV:1002.0150;%%},
	Title = {{The First Catalog of Active Galactic Nuclei Detected by the Fermi Large Area Telescope}},
	Volume = {715},
	Year = {2010},
	Bdsk-Url-1 = {http://dx.doi.org/10.1088/0004-637X/715/1/429}}

@article{Abdo:2010qi,
	Archiveprefix = {arXiv},
	Author = {Abdo, A. A.},
	Collaboration = {Fermi-LAT},
	Doi = {10.1088/0004-637X/720/1/26},
	Eprint = {1008.0008},
	Journal = {Astrophys. J.},
	Pages = {26-40},
	Primaryclass = {astro-ph.HE},
	Slaccitation = {%%CITATION = ARXIV:1008.0008;%%},
	Title = {{Fermi Large Area Telescope Observations of Gamma-ray Pulsars PSR J1057-5226, J1709-4429, and J1952+3252}},
	Volume = {720},
	Year = {2010},
	Bdsk-Url-1 = {http://dx.doi.org/10.1088/0004-637X/720/1/26}}

@article{Abdo:2010ru,
	Archiveprefix = {arXiv},
	Author = {Abdo, A. A. and others},
	Collaboration = {Fermi-LAT},
	Date-Added = {2016-01-31 23:09:18 +0000},
	Date-Modified = {2016-01-31 23:09:18 +0000},
	Doi = {10.1088/0067-0049/188/2/405},
	Eprint = {1002.2280},
	Journal = {Astrophys. J. Suppl.},
	Pages = {405-436},
	Primaryclass = {astro-ph.HE},
	Slaccitation = {%%CITATION = ARXIV:1002.2280;%%},
	Title = {{Fermi Large Area Telescope First Source Catalog}},
	Volume = {188},
	Year = {2010},
	Bdsk-Url-1 = {http://dx.doi.org/10.1088/0067-0049/188/2/405}}

@article{Abramowski:2012ry,
	Archiveprefix = {arXiv},
	Author = {Abramowski, A. and others},
	Collaboration = {HESS},
	Doi = {10.1051/0004-6361/201220355},
	Eprint = {1212.3409},
	Journal = {Astron. Astrophys.},
	Pages = {A4},
	Primaryclass = {astro-ph.HE},
	Slaccitation = {%%CITATION = ARXIV:1212.3409;%%},
	Title = {{Measurement of the extragalactic background light imprint on the spectra of the brightest blazars observed with H.E.S.S}},
	Volume = {550},
	Year = {2013},
	Bdsk-Url-1 = {http://dx.doi.org/10.1051/0004-6361/201220355}}

@article{Acero-2016,
	Author = {F. Acero and others},
	Journal = {Astrophys. J. Supp.},
	Number = {2},
	Pages = {26},
	Title = {Development of the Model of Galactic Interstellar Emission for Standard Point-source Analysis of Fermi Large Area Telescope Data},
	Volume = {223},
	Year = {2016}}

@article{Ackermann:2015uya,
	Archiveprefix = {arXiv},
	Author = {Ackermann, M. and others},
	Collaboration = {Fermi-LAT},
	Date-Added = {2016-01-31 23:10:59 +0000},
	Date-Modified = {2016-01-31 23:10:59 +0000},
	Doi = {10.3847/0067-0049/222/1/5},
	Eprint = {1508.04449},
	Journal = {Astrophys. J. Suppl.},
	Number = {1},
	Pages = {5},
	Primaryclass = {astro-ph.HE},
	Slaccitation = {%%CITATION = ARXIV:1508.04449;%%},
	Title = {{2FHL: The Second Catalog of Hard Fermi-LAT Sources}},
	Volume = {222},
	Year = {2016},
	Bdsk-Url-1 = {http://dx.doi.org/10.3847/0067-0049/222/1/5}}

@article{TheFermi-LAT:2015ykq,
	Archiveprefix = {arXiv},
	Author = {Ackermann, M. and others},
	Collaboration = {Fermi-LAT},
	Doi = {10.1103/PhysRevLett.116.151105},
	Eprint = {1511.00693},
	Journal = {Phys. Rev. Lett.},
	Number = {15},
	Pages = {151105},
	Primaryclass = {astro-ph.CO},
	Slaccitation = {%%CITATION = ARXIV:1511.00693;%%},
	Title = {{Resolving the Extragalactic $\gamma$-Ray Background above 50 GeV with the Fermi Large Area Telescope}},
	Volume = {116},
	Year = {2016},
	Bdsk-Url-1 = {http://dx.doi.org/10.1103/PhysRevLett.116.151105}}

@article{Ackermann:2014usa,
	Archiveprefix = {arXiv},
	Author = {Ackermann, M. and others},
	Collaboration = {Fermi-LAT},
	Date-Added = {2016-03-09 22:52:30 +0000},
	Date-Modified = {2016-03-09 22:52:30 +0000},
	Doi = {10.1088/0004-637X/799/1/86},
	Eprint = {1410.3696},
	Journal = {Astrophys. J.},
	Pages = {86},
	Primaryclass = {astro-ph.HE},
	Slaccitation = {%%CITATION = ARXIV:1410.3696;%%},
	Title = {{The spectrum of isotropic diffuse gamma-ray emission between 100 MeV and 820 GeV}},
	Volume = {799},
	Year = {2015},
	Bdsk-Url-1 = {http://dx.doi.org/10.1088/0004-637X/799/1/86}}

@article{Ackermann:2015tah,
	Archiveprefix = {arXiv},
	Author = {Ackermann, M. and others},
	Collaboration = {Fermi-LAT},
	Doi = {10.1088/1475-7516/2015/09/008},
	Eprint = {1501.05464},
	Journal = {JCAP},
	Number = {09},
	Pages = {008},
	Primaryclass = {astro-ph.CO},
	Reportnumber = {FERMILAB-PUB-15-052-A},
	Slaccitation = {%%CITATION = ARXIV:1501.05464;%%},
	Title = {{Limits on Dark Matter Annihilation Signals from the Fermi LAT 4-year Measurement of the Isotropic Gamma-Ray Background}},
	Volume = {1509},
	Year = {2015},
	Bdsk-Url-1 = {http://dx.doi.org/10.1088/1475-7516/2015/09/008}}

@article{Ackermann:2015zua,
	Archiveprefix = {arXiv},
	Author = {Ackermann, M. and others},
	Collaboration = {Fermi-LAT},
	Doi = {10.1103/PhysRevLett.115.231301},
	Eprint = {1503.02641},
	Journal = {Phys. Rev. Lett.},
	Number = {23},
	Pages = {231301},
	Primaryclass = {astro-ph.HE},
	Reportnumber = {FERMILAB-PUB-15-081-AE},
	Slaccitation = {%%CITATION = ARXIV:1503.02641;%%},
	Title = {{Searching for Dark Matter Annihilation from Milky Way Dwarf Spheroidal Galaxies with Six Years of Fermi Large Area Telescope Data}},
	Volume = {115},
	Year = {2015},
	Bdsk-Url-1 = {http://dx.doi.org/10.1103/PhysRevLett.115.231301}}

@article{Ackermann:2013fwa,
	Archiveprefix = {arXiv},
	Author = {Ackermann, M. and others},
	Collaboration = {Fermi-LAT},
	Date-Added = {2016-01-31 23:08:34 +0000},
	Date-Modified = {2016-01-31 23:08:34 +0000},
	Doi = {10.1088/0067-0049/209/2/34},
	Eprint = {1306.6772},
	Journal = {Astrophys. J. Suppl.},
	Pages = {34},
	Primaryclass = {astro-ph.IM},
	Reportnumber = {MPP-2013-174, FERMILAB-PUB-13-682-A},
	Slaccitation = {%%CITATION = ARXIV:1306.6772;%%},
	Title = {{The First Fermi-LAT Catalog of Sources Above 10 GeV}},
	Volume = {209},
	Year = {2013},
	Bdsk-Url-1 = {http://dx.doi.org/10.1088/0067-0049/209/2/34}}

@article{2012Sci...338.1190A,
	Adsurl = {http://adsabs.harvard.edu/abs/2012Sci...338.1190A},
	Archiveprefix = {arXiv},
	Author = {Ackermann, M. and others},
	Doi = {10.1126/science.1227160},
	Eprint = {1211.1671},
	Journal = {Science},
	Pages = {1190},
	Primaryclass = {astro-ph.CO},
	Title = {{The Imprint of the Extragalactic Background Light in the Gamma-Ray Spectra of Blazars}},
	Volume = {338},
	Year = {2012},
	Bdsk-Url-1 = {http://dx.doi.org/10.1126/science.1227160}}

@article{Ackermann:2012pya,
	Archiveprefix = {arXiv},
	Author = {Ackermann, M. and others},
	Collaboration = {Fermi-LAT},
	Doi = {10.1088/0004-637X/750/1/3},
	Eprint = {1202.4039},
	Journal = {Astrophys. J.},
	Pages = {3},
	Primaryclass = {astro-ph.HE},
	Slaccitation = {%%CITATION = ARXIV:1202.4039;%%},
	Title = {{Fermi-LAT Observations of the Diffuse Gamma-Ray Emission: Implications for Cosmic Rays and the Interstellar Medium}},
	Volume = {750},
	Year = {2012},
	Bdsk-Url-1 = {http://dx.doi.org/10.1088/0004-637X/750/1/3}}

@article{Ackermann:2012vca,
	Archiveprefix = {arXiv},
	Author = {Ackermann, M. and others},
	Collaboration = {Fermi-LAT},
	Doi = {10.1088/0004-637X/755/2/164},
	Eprint = {1206.1346},
	Journal = {Astrophys. J.},
	Pages = {164},
	Primaryclass = {astro-ph.HE},
	Slaccitation = {%%CITATION = ARXIV:1206.1346;%%},
	Title = {{GeV Observations of Star-forming Galaxies with \textit{Fermi} LAT}},
	Volume = {755},
	Year = {2012},
	Bdsk-Url-1 = {http://dx.doi.org/10.1088/0004-637X/755/2/164}}

@article{Ahlers:2011sd,
	Archiveprefix = {arXiv},
	Author = {Ahlers, Markus and Salvado, Jordi},
	Date-Added = {2016-06-12 01:41:53 +0000},
	Date-Modified = {2016-06-12 01:41:53 +0000},
	Doi = {10.1103/PhysRevD.84.085019},
	Eprint = {1105.5113},
	Journal = {Phys. Rev.},
	Pages = {085019},
	Primaryclass = {astro-ph.HE},
	Reportnumber = {YITP-SB-11-15},
	Slaccitation = {%%CITATION = ARXIV:1105.5113;%%},
	Title = {{Cosmogenic gamma-rays and the composition of cosmic rays}},
	Volume = {D84},
	Year = {2011},
	Bdsk-Url-1 = {http://dx.doi.org/10.1103/PhysRevD.84.085019}}

@article{TheFermi-LAT:2015kwa,
	Archiveprefix = {arXiv},
	Author = {Ajello, M. and others},
	Collaboration = {Fermi-LAT},
	Doi = {10.3847/0004-637X/819/1/44},
	Eprint = {1511.02938},
	Journal = {Astrophys. J.},
	Number = {1},
	Pages = {44},
	Primaryclass = {astro-ph.HE},
	Slaccitation = {%%CITATION = ARXIV:1511.02938;%%},
	Title = {{Fermi-LAT Observations of High-Energy $\gamma$-Ray Emission Toward the Galactic Center}},
	Volume = {819},
	Year = {2016},
	Bdsk-Url-1 = {http://dx.doi.org/10.3847/0004-637X/819/1/44}}

@article{Ajello:2015mfa,
	Archiveprefix = {arXiv},
	Author = {Ajello, M. and others},
	Date-Added = {2016-01-31 23:06:24 +0000},
	Date-Modified = {2016-01-31 23:06:24 +0000},
	Doi = {10.1088/2041-8205/800/2/L27},
	Eprint = {1501.05301},
	Journal = {Astrophys. J.},
	Number = {2},
	Pages = {L27},
	Primaryclass = {astro-ph.HE},
	Slaccitation = {%%CITATION = ARXIV:1501.05301;%%},
	Title = {{The Origin of the Extragalactic Gamma-Ray Background and Implications for Dark-Matter Annihilation}},
	Volume = {800},
	Year = {2015},
	Bdsk-Url-1 = {http://dx.doi.org/10.1088/2041-8205/800/2/L27}}

@article{Ajello:2013lka,
	Archiveprefix = {arXiv},
	Author = {Ajello, M. and others},
	Doi = {10.1088/0004-637X/780/1/73},
	Eprint = {1310.0006},
	Journal = {Astrophys. J.},
	Pages = {73},
	Primaryclass = {astro-ph.CO},
	Slaccitation = {%%CITATION = ARXIV:1310.0006;%%},
	Title = {{The Cosmic Evolution of Fermi BL Lacertae Objects}},
	Volume = {780},
	Year = {2014},
	Bdsk-Url-1 = {http://dx.doi.org/10.1088/0004-637X/780/1/73}}

@article{Ajello:2011zi,
	Archiveprefix = {arXiv},
	Author = {Ajello, M. and others},
	Doi = {10.1088/0004-637X/751/2/108},
	Eprint = {1110.3787},
	Journal = {Astrophys. J.},
	Pages = {108},
	Primaryclass = {astro-ph.CO},
	Reportnumber = {SLAC-PUB-14915},
	Slaccitation = {%%CITATION = ARXIV:1110.3787;%%},
	Title = {{The Luminosity Function of Fermi-detected Flat-Spectrum Radio Quasars}},
	Volume = {751},
	Year = {2012},
	Bdsk-Url-1 = {http://dx.doi.org/10.1088/0004-637X/751/2/108}}

@article{Ajello:2009ip,
	Archiveprefix = {arXiv},
	Author = {Ajello, M. and others},
	Doi = {10.1088/0004-637X/699/1/603},
	Eprint = {0905.0472},
	Journal = {Astrophys. J.},
	Pages = {603-625},
	Primaryclass = {astro-ph.CO},
	Reportnumber = {SLAC-PUB-13511},
	Slaccitation = {%%CITATION = ARXIV:0905.0472;%%},
	Title = {{The Evolution of Swift/BAT blazars and the origin of the MeV background}},
	Volume = {699},
	Year = {2009},
	Bdsk-Url-1 = {http://dx.doi.org/10.1088/0004-637X/699/1/603}}

@article{Ando:2009nk,
	Archiveprefix = {arXiv},
	Author = {Ando, Shin'ichiro and Pavlidou, Vasiliki},
	Doi = {10.1111/j.1365-2966.2009.15605.x},
	Eprint = {0908.3890},
	Journal = {Mon. Not. Roy. Astron. Soc.},
	Pages = {2122},
	Primaryclass = {astro-ph.HE},
	Slaccitation = {%%CITATION = ARXIV:0908.3890;%%},
	Title = {{Imprint of Galaxy Clustering in the Cosmic Gamma-Ray Background}},
	Volume = {400},
	Year = {2009},
	Bdsk-Url-1 = {http://dx.doi.org/10.1111/j.1365-2966.2009.15605.x}}

@article{Ando:2015bva,
	Archiveprefix = {arXiv},
	Author = {Ando, Shin'ichiro and Tamborra, Irene and Zandanel, Fabio},
	Doi = {10.1103/PhysRevLett.115.221101},
	Eprint = {1509.02444},
	Journal = {Phys. Rev. Lett.},
	Number = {22},
	Pages = {221101},
	Primaryclass = {astro-ph.HE},
	Slaccitation = {%%CITATION = ARXIV:1509.02444;%%},
	Title = {{Tomographic Constraints on High-Energy Neutrinos of Hadronuclear Origin}},
	Volume = {115},
	Year = {2015},
	Bdsk-Url-1 = {http://dx.doi.org/10.1103/PhysRevLett.115.221101}}

@article{Angel:1980,
	Author = {Angel, J.R.P. and H.S. Stockman},
	Date-Modified = {2016-08-26 17:51:43 +0000},
	Journal = {ARA\&A},
	Pages = {321},
	Title = {{Optical and Infrared Polarization of Active Extraglactic Objects}},
	Volume = {18},
	Year = {1980}}

@article{Bechtol:2015uqb,
	Archiveprefix = {arXiv},
	Author = {Bechtol, Keith and Ahlers, Markus and Di Mauro, Mattia and Ajello, Marco and Vandenbroucke, Justin},
	Eprint = {1511.00688},
	Primaryclass = {astro-ph.HE},
	Slaccitation = {%%CITATION = ARXIV:1511.00688;%%},
	Title = {{Evidence against star-forming galaxies as the dominant source of IceCube neutrinos}},
	Year = {2015}}

@article{Bengtsson:1990xf,
	Author = {Bengtsson, Hans Uno and Salati, Pierre and Silk, Joseph},
	Doi = {10.1016/0550-3213(90)90241-5},
	Journal = {Nucl. Phys.},
	Pages = {129-148},
	Reportnumber = {CERN-TH-5639/90, LAPP-TH-277, CfPA-TH-90-011},
	Slaccitation = {%%CITATION = NUPHA,B346,129;%%},
	Title = {{Quark Flavors and the gamma-ray Spectrum From Halo Dark Matter Annihilations}},
	Volume = {B346},
	Year = {1990},
	Bdsk-Url-1 = {http://dx.doi.org/10.1016/0550-3213(90)90241-5}}

@article{Bergstrom:2001jj,
	Archiveprefix = {arXiv},
	Author = {Bergstrom, Lars and Edsjo, Joakim and Ullio, Piero},
	Doi = {10.1103/PhysRevLett.87.251301},
	Eprint = {astro-ph/0105048},
	Journal = {Phys. Rev. Lett.},
	Pages = {251301},
	Primaryclass = {astro-ph},
	Slaccitation = {%%CITATION = ASTRO-PH/0105048;%%},
	Title = {{Spectral gamma-ray signatures of cosmological dark matter annihilation}},
	Volume = {87},
	Year = {2001},
	Bdsk-Url-1 = {http://dx.doi.org/10.1103/PhysRevLett.87.251301}}

@article{Bertone:2004pz,
	Archiveprefix = {arXiv},
	Author = {Bertone, Gianfranco and Hooper, Dan and Silk, Joseph},
	Doi = {10.1016/j.physrep.2004.08.031},
	Eprint = {hep-ph/0404175},
	Journal = {Phys. Rept.},
	Pages = {279-390},
	Primaryclass = {hep-ph},
	Reportnumber = {FERMILAB-PUB-04-047-A},
	Slaccitation = {%%CITATION = HEP-PH/0404175;%%},
	Title = {{Particle dark matter: Evidence, candidates and constraints}},
	Volume = {405},
	Year = {2005},
	Bdsk-Url-1 = {http://dx.doi.org/10.1016/j.physrep.2004.08.031}}

@article{Bhattacharya:2009yv,
	Archiveprefix = {arXiv},
	Author = {Bhattacharya, D. and Sreekumar, P. and Mukherjee, R.},
	Doi = {10.1088/1674-4527/9/11/004},
	Eprint = {0907.1741},
	Journal = {Res. Astron. Astrophys.},
	Pages = {1205-1214},
	Primaryclass = {astro-ph.HE},
	Slaccitation = {%%CITATION = ARXIV:0907.1741;%%},
	Title = {{Contribution from unresolved discrete sources to the Extragalactic Gamma-Ray Background (EGRB)}},
	Volume = {9},
	Year = {2009},
	Bdsk-Url-1 = {http://dx.doi.org/10.1088/1674-4527/9/11/004}}

@article{Bottino:2004qi,
	Archiveprefix = {arXiv},
	Author = {Bottino, A. and Donato, F. and Fornengo, N. and Scopel, S.},
	Doi = {10.1103/PhysRevD.70.015005},
	Eprint = {hep-ph/0401186},
	Journal = {Phys. Rev.},
	Pages = {015005},
	Primaryclass = {hep-ph},
	Reportnumber = {DFTT-2-2004},
	Slaccitation = {%%CITATION = HEP-PH/0401186;%%},
	Title = {{Indirect signals from light neutralinos in supersymmetric models without gaugino mass unification}},
	Volume = {D70},
	Year = {2004},
	Bdsk-Url-1 = {http://dx.doi.org/10.1103/PhysRevD.70.015005}}

@article{Bringmann:2012ez,
	Archiveprefix = {arXiv},
	Author = {Bringmann, Torsten and Weniger, Christoph},
	Doi = {10.1016/j.dark.2012.10.005},
	Eprint = {1208.5481},
	Journal = {Phys. Dark Univ.},
	Pages = {194-217},
	Primaryclass = {hep-ph},
	Slaccitation = {%%CITATION = ARXIV:1208.5481;%%},
	Title = {{Gamma Ray Signals from Dark Matter: Concepts, Status and Prospects}},
	Volume = {1},
	Year = {2012},
	Bdsk-Url-1 = {http://dx.doi.org/10.1016/j.dark.2012.10.005}}

@article{Chang:2013yia,
	Archiveprefix = {arXiv},
	Author = {Broderick, Avery E. and Pfrommer, Christoph and Puchwein, Ewald and Chang, Philip},
	Date-Added = {2016-01-31 23:16:22 +0000},
	Date-Modified = {2016-01-31 23:16:22 +0000},
	Doi = {10.1088/0004-637X/790/2/137},
	Eprint = {1308.0340},
	Journal = {Astrophys. J.},
	Pages = {137},
	Primaryclass = {astro-ph.CO},
	Slaccitation = {%%CITATION = ARXIV:1308.0340;%%},
	Title = {{Implications of Plasma Beam Instabilities for the Statistics of the Fermi Hard Gamma-ray Blazars and the Origin of the Extragalactic Gamma-Ray Background}},
	Volume = {790},
	Year = {2014},
	Bdsk-Url-1 = {http://dx.doi.org/10.1088/0004-637X/790/2/137}}

@article{Buchner:2014nha,
	Archiveprefix = {arXiv},
	Author = {Buchner, J. and Georgakakis, A. and Nandra, K. and Hsu, L. and Rangel, C. and Brightman, M. and Merloni, A. and Salvato, M. and Donley, J. and Kocevski, D.},
	Date-Added = {2016-06-06 11:48:13 +0000},
	Date-Modified = {2016-06-06 11:48:13 +0000},
	Doi = {10.1051/0004-6361/201322971},
	Eprint = {1402.0004},
	Journal = {Astron. Astrophys.},
	Pages = {A125},
	Primaryclass = {astro-ph.HE},
	Slaccitation = {%%CITATION = ARXIV:1402.0004;%%},
	Title = {{X-ray spectral modelling of the AGN obscuring region in the CDFS: Bayesian model selection and catalogue}},
	Volume = {564},
	Year = {2014},
	Bdsk-Url-1 = {http://dx.doi.org/10.1051/0004-6361/201322971}}

@article{Calore:2014oga,
	Archiveprefix = {arXiv},
	Author = {Calore, F. and Di Mauro, M. and Donato, F. and Donato, F.},
	Doi = {10.1088/0004-637X/796/1/14},
	Eprint = {1406.2706},
	Journal = {Astrophys. J.},
	Pages = {1},
	Primaryclass = {astro-ph.HE},
	Slaccitation = {%%CITATION = ARXIV:1406.2706;%%},
	Title = {{Diffuse gamma-ray emission from galactic pulsars}},
	Volume = {796},
	Year = {2014},
	Bdsk-Url-1 = {http://dx.doi.org/10.1088/0004-637X/796/1/14}}

@article{Chakraborty:2012sh,
	Archiveprefix = {arXiv},
	Author = {Chakraborty, Nachiketa and Fields, Brian D.},
	Doi = {10.1088/0004-637X/773/2/104},
	Eprint = {1206.0770},
	Journal = {Astrophys. J.},
	Pages = {104},
	Primaryclass = {astro-ph.CO},
	Slaccitation = {%%CITATION = ARXIV:1206.0770;%%},
	Title = {{Inverse Compton Contribution to the Star-Forming Extragalactic Gamma-Ray Background}},
	Volume = {773},
	Year = {2013},
	Bdsk-Url-1 = {http://dx.doi.org/10.1088/0004-637X/773/2/104}}

@article{1968ApJ...153L.203C,
	Adsnote = {Provided by the SAO/NASA Astrophysics Data System},
	Adsurl = {http://adsabs.harvard.edu/abs/1968ApJ...153L.203C},
	Author = {Clark, G.~W. and Garmire, G.~P. and Kraushaar, W.~L.},
	Doi = {10.1086/180252},
	Journal = {Astrophys. J. Lett.},
	Month = sep,
	Pages = {L203},
	Title = {{Observation of High-Energy Cosmic Gamma Rays}},
	Volume = {153},
	Year = {1968},
	Bdsk-Url-1 = {http://dx.doi.org/10.1086/180252}}

@article{2011arXiv1111.2183C,
	Adsnote = {Provided by the SAO/NASA Astrophysics Data System},
	Adsurl = {http://adsabs.harvard.edu/abs/2011arXiv1111.2183C},
	Archiveprefix = {arXiv},
	Author = {{CTA Consortium}, T.},
	Eprint = {1111.2183},
	Journal = {ArXiv e-prints},
	Keywords = {Astrophysics - Instrumentation and Methods for Astrophysics, Astrophysics - High Energy Astrophysical Phenomena, A.0, B.0, D.0},
	Month = nov,
	Primaryclass = {astro-ph.IM},
	Title = {{Contributions from the Cherenkov Telescope Array (CTA) Consortium to the ICRC 2011}},
	Year = {2011}}

@article{Dermer:2007fg,
	Archiveprefix = {arXiv},
	Author = {Dermer, Charles D.},
	Booktitle = {{Proceedings, 1st GLAST Symposium on Gamma-ray large area space telescope}},
	Doi = {10.1063/1.2757282},
	Eprint = {0704.2888},
	Journal = {AIP Conf. Proc.},
	Pages = {122-126},
	Primaryclass = {astro-ph},
	Slaccitation = {%%CITATION = ARXIV:0704.2888;%%},
	Title = {{The Extragalactic Gamma Ray Background}},
	Volume = {921},
	Year = {2007},
	Bdsk-Url-1 = {http://dx.doi.org/10.1063/1.2757282}}

@article{DiMauro:2013xta,
	Archiveprefix = {arXiv},
	Author = {Di Mauro, M. and Calore, F. and Donato, F. and Ajello, M. and Latronico, L.},
	Date-Added = {2016-02-05 03:55:51 +0000},
	Date-Modified = {2016-02-05 03:55:51 +0000},
	Doi = {10.1088/0004-637X/780/2/161},
	Eprint = {1304.0908},
	Journal = {Astrophys. J.},
	Pages = {161},
	Primaryclass = {astro-ph.HE},
	Slaccitation = {%%CITATION = ARXIV:1304.0908;%%},
	Title = {{Diffuse $\gamma$-ray emission from misaligned active galactic nuclei}},
	Volume = {780},
	Year = {2014},
	Bdsk-Url-1 = {http://dx.doi.org/10.1088/0004-637X/780/2/161}}

@article{DiMauro:2014wha,
	Archiveprefix = {arXiv},
	Author = {Di Mauro, Mattia and Cuoco, Alessandro and Donato, Fiorenza and Siegal-Gaskins, Jennifer M.},
	Doi = {10.1088/1475-7516/2014/11/021},
	Eprint = {1407.3275},
	Journal = {JCAP},
	Number = {11},
	Pages = {021},
	Primaryclass = {astro-ph.HE},
	Slaccitation = {%%CITATION = ARXIV:1407.3275;%%},
	Title = {{Fermi-LAT $/gamma$-ray anisotropy and intensity explained by unresolved Radio-Loud Active Galactic Nuclei}},
	Volume = {1411},
	Year = {2014},
	Bdsk-Url-1 = {http://dx.doi.org/10.1088/1475-7516/2014/11/021}}

@article{DiMauro:2015tfa,
	Archiveprefix = {arXiv},
	Author = {Di Mauro, Mattia and Donato, Fiorenza},
	Doi = {10.1103/PhysRevD.91.123001},
	Eprint = {1501.05316},
	Journal = {Phys. Rev.},
	Number = {12},
	Pages = {123001},
	Primaryclass = {astro-ph.HE},
	Slaccitation = {%%CITATION = ARXIV:1501.05316;%%},
	Title = {{Composition of the Fermi-LAT isotropic gamma-ray background intensity: Emission from extragalactic point sources and dark matter annihilations}},
	Volume = {D91},
	Year = {2015},
	Bdsk-Url-1 = {http://dx.doi.org/10.1103/PhysRevD.91.123001}}

@article{DiMauro:2013zfa,
	Archiveprefix = {arXiv},
	Author = {Di Mauro, M. and Donato, F. and Lamanna, G. and Sanchez, D. A. and Serpico, P. D.},
	Doi = {10.1088/0004-637X/786/2/129},
	Eprint = {1311.5708},
	Journal = {Astrophys. J.},
	Pages = {129},
	Primaryclass = {astro-ph.HE},
	Reportnumber = {LAPTH-067-13},
	Slaccitation = {%%CITATION = ARXIV:1311.5708;%%},
	Title = {{Diffuse $\gamma$-ray emission from unresolved BL Lac objects}},
	Volume = {786},
	Year = {2014},
	Bdsk-Url-1 = {http://dx.doi.org/10.1088/0004-637X/786/2/129}}

@article{Dominguez:2013lfa,
	Archiveprefix = {arXiv},
	Author = {Dom{\'\i}nguez, A. and others},
	Date-Modified = {2018-05-01 16:43:41 +0000},
	Doi = {10.1088/0004-637X/770/1/77},
	Eprint = {1305.2162},
	Journal = {Astrophys. J.},
	Pages = {77},
	Primaryclass = {astro-ph.CO},
	Reportnumber = {SLAC-PUB-16225},
	Slaccitation = {%%CITATION = ARXIV:1305.2162;%%},
	Title = {{Detection of the cosmic gamma-ray horizon from multiwavelength observations of blazars}},
	Volume = {770},
	Year = {2013},
	Bdsk-Url-1 = {http://dx.doi.org/10.1088/0004-637X/770/1/77}}

@article{Dubus:2012hm,
	Archiveprefix = {arXiv},
	Author = {Dubus, G. and others},
	Doi = {10.1016/j.astropartphys.2012.05.020},
	Eprint = {1208.5686},
	Journal = {Astropart. Phys.},
	Pages = {317-330},
	Primaryclass = {astro-ph.HE},
	Slaccitation = {%%CITATION = ARXIV:1208.5686;%%},
	Title = {{Surveys with the Cherenkov Telescope Array}},
	Volume = {43},
	Year = {2013},
	Bdsk-Url-1 = {http://dx.doi.org/10.1016/j.astropartphys.2012.05.020}}

@article{Eddington,
	Author = {Eddington, A.~S.},
	Journal = {MNRAS},
	Pages = {359},
	Title = {{The Distribution in Space of the Bright Stars}},
	Volume = {73},
	Year = {1913}}

@article{FaucherGiguere:2009df,
	Archiveprefix = {arXiv},
	Author = {Faucher-Giguere, C. -A. and Loeb, Abraham},
	Doi = {10.1088/1475-7516/2010/01/005},
	Eprint = {0904.3102},
	Journal = {JCAP},
	Pages = {005},
	Primaryclass = {astro-ph.HE},
	Slaccitation = {%%CITATION = ARXIV:0904.3102;%%},
	Title = {{The Pulsar Contribution to the Gamma-Ray Background}},
	Volume = {1001},
	Year = {2010},
	Bdsk-Url-1 = {http://dx.doi.org/10.1088/1475-7516/2010/01/005}}

@article{Fazio:1970pr,
	Author = {Fazio, G. G. and Stecker, F. W.},
	Doi = {10.1038/226135a0},
	Journal = {Nature},
	Pages = {135-136},
	Slaccitation = {%%CITATION = NATUA,226,135;%%},
	Title = {{Predicted high energy break in the isotropic gamma-ray spectrum: A Test of cosmological origin}},
	Volume = {226},
	Year = {1970},
	Bdsk-Url-1 = {http://dx.doi.org/10.1038/226135a0}}

@article{Feroz:2008xx,
	Archiveprefix = {arXiv},
	Author = {Feroz, F. and Hobson, M. P. and Bridges, M.},
	Doi = {10.1111/j.1365-2966.2009.14548.x},
	Eprint = {0809.3437},
	Journal = {Mon. Not. Roy. Astron. Soc.},
	Pages = {1601-1614},
	Primaryclass = {astro-ph},
	Slaccitation = {%%CITATION = ARXIV:0809.3437;%%},
	Title = {{MultiNest: an efficient and robust Bayesian inference tool for cosmology and particle physics}},
	Volume = {398},
	Year = {2009},
	Bdsk-Url-1 = {http://dx.doi.org/10.1111/j.1365-2966.2009.14548.x}}

@article{1975ApJ...198..163F,
	Adsnote = {Provided by the SAO/NASA Astrophysics Data System},
	Adsurl = {http://adsabs.harvard.edu/abs/1975ApJ...198..163F},
	Author = {Fichtel, C.~E. and others},
	Doi = {10.1086/153590},
	Journal = {Astrophys. J.},
	Keywords = {Gamma Rays, Sas, Spaceborne Telescopes, X Ray Telescopes, Cosmic Rays, Crab Nebula, Diffuse Radiation, Galactic Radiation, Galactic Structure, Pulsars, Supernova Remnants},
	Month = may,
	Pages = {163-182},
	Title = {{High-energy gamma-ray results from the second small astronomy satellite}},
	Volume = {198},
	Year = {1975},
	Bdsk-Url-1 = {http://dx.doi.org/10.1086/153590}}

@article{1978ApJ...222..833F,
	Adsnote = {Provided by the SAO/NASA Astrophysics Data System},
	Adsurl = {http://adsabs.harvard.edu/abs/1978ApJ...222..833F},
	Author = {Fichtel, C.~E. and Simpson, G.~A. and Thompson, D.~J.},
	Doi = {10.1086/156202},
	Journal = {Astrophys. J.},
	Keywords = {Diffuse Radiation, Energy Spectra, Galactic Radiation, Gamma Rays, Radiant Flux Density, Radiation Distribution, Astronomical Models, Galactic Structure, Hydrogen Clouds, Milky Way Galaxy, Spaceborne Astronomy, Spatial Distribution, Spectral Energy Distribution},
	Month = jun,
	Pages = {833-849},
	Title = {{Diffuse gamma radiation}},
	Volume = {222},
	Year = {1978},
	Bdsk-Url-1 = {http://dx.doi.org/10.1086/156202}}

@article{Fields:2010bw,
	Archiveprefix = {arXiv},
	Author = {Fields, Brian D. and Pavlidou, Vasiliki and Prodanovic, Tijana},
	Doi = {10.1088/2041-8205/722/2/L199},
	Eprint = {1003.3647},
	Journal = {Astrophys. J.},
	Pages = {L199},
	Primaryclass = {astro-ph.CO},
	Slaccitation = {%%CITATION = ARXIV:1003.3647;%%},
	Title = {{Cosmic Gamma-Ray Background from Star-Forming Galaxies}},
	Volume = {722},
	Year = {2010},
	Bdsk-Url-1 = {http://dx.doi.org/10.1088/2041-8205/722/2/L199}}

@article{2010ApJ...712..238F,
	Adsnote = {Provided by the SAO/NASA Astrophysics Data System},
	Adsurl = {http://adsabs.harvard.edu/abs/2010ApJ...712..238F},
	Archiveprefix = {arXiv},
	Author = {{Finke}, J.~D. and {Razzaque}, S. and {Dermer}, C.~D.},
	Doi = {10.1088/0004-637X/712/1/238},
	Eprint = {0905.1115},
	Journal = {\apj},
	Keywords = {diffuse radiation, galaxies: active, gamma rays: galaxies, stars: formation, stars: luminosity function, mass function},
	Month = mar,
	Pages = {238-249},
	Primaryclass = {astro-ph.HE},
	Title = {{Modeling the Extragalactic Background Light from Stars and Dust}},
	Volume = {712},
	Year = {2010},
	Bdsk-Url-1 = {http://dx.doi.org/10.1088/0004-637X/712/1/238}}

@article{Fornasa:2015qua,
	Archiveprefix = {arXiv},
	Author = {Fornasa, Mattia and S{\'a}nchez-Conde, Miguel A.},
	Doi = {10.1016/j.physrep.2015.09.002},
	Eprint = {1502.02866},
	Journal = {Phys. Rept.},
	Pages = {1-58},
	Primaryclass = {astro-ph.CO},
	Slaccitation = {%%CITATION = ARXIV:1502.02866;%%},
	Title = {{The nature of the Diffuse Gamma-Ray Background}},
	Volume = {598},
	Year = {2015},
	Bdsk-Url-1 = {http://dx.doi.org/10.1016/j.physrep.2015.09.002}}

@article{Franceschini:2008tp,
	Archiveprefix = {arXiv},
	Author = {Franceschini, Alberto and Rodighiero, Giulia and Vaccari, Mattia},
	Doi = {10.1051/0004-6361:200809691},
	Eprint = {0805.1841},
	Journal = {Astron. Astrophys.},
	Pages = {837},
	Primaryclass = {astro-ph},
	Slaccitation = {%%CITATION = ARXIV:0805.1841;%%},
	Title = {{The extragalactic optical-infrared background radiations, their time evolution and the cosmic photon-photon opacity}},
	Volume = {487},
	Year = {2008},
	Bdsk-Url-1 = {http://dx.doi.org/10.1051/0004-6361:200809691}}

@article{Gorski:2004by,
	Archiveprefix = {arXiv},
	Author = {Gorski, K. M. and Hivon, Eric and Banday, A. J. and Wandelt, B. D. and Hansen, F. K. and Reinecke, M. and Bartelman, M.},
	Doi = {10.1086/427976},
	Eprint = {astro-ph/0409513},
	Journal = {Astrophys. J.},
	Pages = {759-771},
	Primaryclass = {astro-ph},
	Slaccitation = {%%CITATION = ASTRO-PH/0409513;%%},
	Title = {{HEALPix - A Framework for high resolution discretization, and fast analysis of data distributed on the sphere}},
	Volume = {622},
	Year = {2005},
	Bdsk-Url-1 = {http://dx.doi.org/10.1086/427976}}

@article{Gould:1966pza,
	Author = {Gould, Robert and Schr{\'e}der, Gerald},
	Doi = {10.1103/PhysRevLett.16.252},
	Journal = {Phys. Rev. Lett.},
	Number = {6},
	Pages = {252-254},
	Slaccitation = {%%CITATION = PRLTA,16,252;%%},
	Title = {{Opacity of the Universe to High-Energy Photons}},
	Volume = {16},
	Year = {1966},
	Bdsk-Url-1 = {http://dx.doi.org/10.1103/PhysRevLett.16.252}}

@article{Gregoire:2013yta,
	Archiveprefix = {arXiv},
	Author = {Gr{\'e}goire, Tristan and Kn{\"o}dlseder, J{\"u}rgen},
	Doi = {10.1051/0004-6361/201219676},
	Eprint = {1305.1584},
	Journal = {Astron. Astrophys.},
	Pages = {A62},
	Primaryclass = {astro-ph.GA},
	Slaccitation = {%%CITATION = ARXIV:1305.1584;%%},
	Title = {{Constraining the Galactic millisecond pulsar population using Fermi Large Area Telescope}},
	Volume = {554},
	Year = {2013},
	Bdsk-Url-1 = {http://dx.doi.org/10.1051/0004-6361/201219676}}

@article{Harding:2012gk,
	Archiveprefix = {arXiv},
	Author = {Harding, J. Patrick and Abazajian, Kevork N.},
	Date-Added = {2016-01-31 23:18:37 +0000},
	Date-Modified = {2016-01-31 23:18:37 +0000},
	Doi = {10.1088/1475-7516/2012/11/026},
	Eprint = {1206.4734},
	Journal = {JCAP},
	Pages = {026},
	Primaryclass = {astro-ph.HE},
	Slaccitation = {%%CITATION = ARXIV:1206.4734;%%},
	Title = {{Models of the Contribution of Blazars to the Anisotropy of the Extragalactic Diffuse Gamma-ray Background}},
	Volume = {1211},
	Year = {2012},
	Bdsk-Url-1 = {http://dx.doi.org/10.1088/1475-7516/2012/11/026}}

@article{Hooper:2016jls,
	Archiveprefix = {arXiv},
	Author = {Hooper, Dan},
	Eprint = {1605.06504},
	Primaryclass = {astro-ph.HE},
	Reportnumber = {FERMILAB-PUB-16-178-A},
	Slaccitation = {%%CITATION = ARXIV:1605.06504;%%},
	Title = {{A Case for Radio Galaxies as the Sources of IceCube's Astrophysical Neutrino Flux}},
	Year = {2016}}

@article{Hooper:2016gjy,
	Archiveprefix = {arXiv},
	Author = {Hooper, Dan and Linden, Tim and Lopez, Alejandro},
	Eprint = {1604.08505},
	Primaryclass = {astro-ph.HE},
	Reportnumber = {FERMILAB-PUB-16-128-A},
	Slaccitation = {%%CITATION = ARXIV:1604.08505;%%},
	Title = {{Radio Galaxies Dominate the High-Energy Diffuse Gamma-Ray Background}},
	Year = {2016}}

@article{Inoue:2011bm,
	Archiveprefix = {arXiv},
	Author = {Inoue, Yoshiyuki},
	Doi = {10.1088/0004-637X/733/1/66},
	Eprint = {1103.3946},
	Journal = {Astrophys. J.},
	Pages = {66},
	Primaryclass = {astro-ph.HE},
	Slaccitation = {%%CITATION = ARXIV:1103.3946;%%},
	Title = {{Contribution of the Gamma-ray Loud Radio Galaxies Core Emissions to the Cosmic MeV and GeV Gamma-Ray Background Radiation}},
	Volume = {733},
	Year = {2011},
	Bdsk-Url-1 = {http://dx.doi.org/10.1088/0004-637X/733/1/66}}

@article{Inoue:2008pk,
	Archiveprefix = {arXiv},
	Author = {Inoue, Yoshiyuki and Totani, Tomonori},
	Doi = {10.1088/0004-637X/728/1/73, 10.1088/0004-637X/702/1/523},
	Eprint = {0810.3580},
	Journal = {Astrophys. J.},
	Note = {[Erratum: Astrophys. J.728,73(2011)]},
	Pages = {523-536},
	Primaryclass = {astro-ph},
	Slaccitation = {%%CITATION = ARXIV:0810.3580;%%},
	Title = {{The Blazar Sequence and the Cosmic Gamma-Ray Background Radiation in the Fermi Era}},
	Volume = {702},
	Year = {2009},
	Bdsk-Url-1 = {http://dx.doi.org/10.1088/0004-637X/728/1/73,%2010.1088/0004-637X/702/1/523}}

@article{Kalashev:2007sn,
	Archiveprefix = {arXiv},
	Author = {Kalashev, Oleg E. and Semikoz, Dmitry V. and Sigl, Gunter},
	Date-Added = {2016-06-12 01:47:15 +0000},
	Date-Modified = {2016-06-12 01:47:15 +0000},
	Doi = {10.1103/PhysRevD.79.063005},
	Eprint = {0704.2463},
	Journal = {Phys. Rev.},
	Pages = {063005},
	Primaryclass = {astro-ph},
	Slaccitation = {%%CITATION = ARXIV:0704.2463;%%},
	Title = {{Ultra-High Energy Cosmic Rays and the GeV-TeV Diffuse Gamma-Ray Flux}},
	Volume = {D79},
	Year = {2009},
	Bdsk-Url-1 = {http://dx.doi.org/10.1103/PhysRevD.79.063005}}

@article{1972ApJ...177..341K,
	Adsnote = {Provided by the SAO/NASA Astrophysics Data System},
	Adsurl = {http://adsabs.harvard.edu/abs/1972ApJ...177..341K},
	Author = {Kraushaar, W.~L. and others},
	Doi = {10.1086/151713},
	Journal = {Astrophys. J.},
	Month = nov,
	Pages = {341},
	Title = {{High-Energy Cosmic Gamma-Ray Observations from the OSO-3 Satellite}},
	Volume = {177},
	Year = {1972},
	Bdsk-Url-1 = {http://dx.doi.org/10.1086/151713}}

@article{Lacki:2012si,
	Archiveprefix = {arXiv},
	Author = {Lacki, Brian C. and Horiuchi, Shunsaku and Beacom, John F.},
	Doi = {10.1088/0004-637X/786/1/40},
	Eprint = {1206.0772},
	Journal = {Astrophys. J.},
	Pages = {40},
	Primaryclass = {astro-ph.HE},
	Slaccitation = {%%CITATION = ARXIV:1206.0772;%%},
	Title = {{The Star-Forming Galaxy Contribution to the Cosmic MeV and GeV Gamma-Ray Background}},
	Volume = {786},
	Year = {2014},
	Bdsk-Url-1 = {http://dx.doi.org/10.1088/0004-637X/786/1/40}}

@article{Lee:2014mza,
	Archiveprefix = {arXiv},
	Author = {Lee, Samuel K. and Lisanti, Mariangela and Safdi, Benjamin R.},
	Doi = {10.1088/1475-7516/2015/05/056},
	Eprint = {1412.6099},
	Journal = {JCAP},
	Number = {05},
	Pages = {056},
	Primaryclass = {astro-ph.CO},
	Reportnumber = {MIT-CTP-4627},
	Slaccitation = {%%CITATION = ARXIV:1412.6099;%%},
	Title = {{Distinguishing Dark Matter from Unresolved Point Sources in the Inner Galaxy with Photon Statistics}},
	Volume = {1505},
	Year = {2015},
	Bdsk-Url-1 = {http://dx.doi.org/10.1088/1475-7516/2015/05/056}}

@article{Lee:2015fea,
	Archiveprefix = {arXiv},
	Author = {Lee, Samuel K. and Lisanti, Mariangela and Safdi, Benjamin R. and Slatyer, Tracy R. and Xue, Wei},
	Doi = {10.1103/PhysRevLett.116.051103},
	Eprint = {1506.05124},
	Journal = {Phys. Rev. Lett.},
	Number = {5},
	Pages = {051103},
	Primaryclass = {astro-ph.HE},
	Reportnumber = {MIT-CTP-4684},
	Slaccitation = {%%CITATION = ARXIV:1506.05124;%%},
	Title = {{Evidence for Unresolved $\gamma$-Ray Point Sources in the Inner Galaxy}},
	Volume = {116},
	Year = {2016},
	Bdsk-Url-1 = {http://dx.doi.org/10.1103/PhysRevLett.116.051103}}

@article{Linden:2016rcf,
	Archiveprefix = {arXiv},
	Author = {Linden, Tim and Rodd, Nicholas L. and Safdi, Benjamin R. and Slatyer, Tracy R.},
	Date-Added = {2016-06-06 11:35:21 +0000},
	Date-Modified = {2016-06-06 11:35:21 +0000},
	Eprint = {1604.01026},
	Primaryclass = {astro-ph.HE},
	Slaccitation = {%%CITATION = ARXIV:1604.01026;%%},
	Title = {{The High-Energy Tail of the Galactic Center Gamma-Ray Excess}},
	Year = {2016}}

@article{Loeb:2000aa,
	Annote = {10.1038/35012018},
	Author = {Loeb, Abraham and Waxman, Eli},
	Date = {2000/05/11/print},
	Date-Added = {2016-06-12 01:45:09 +0000},
	Date-Modified = {2016-06-12 01:45:09 +0000},
	Day = {11},
	Isbn = {0028-0836},
	Journal = {Nature},
	M3 = {10.1038/35012018},
	Month = {05},
	Number = {6783},
	Pages = {156--158},
	Publisher = {Macmillian Magazines Ltd.},
	Title = {Cosmic {$[$}gamma{$]$}-ray background from structure formation in the intergalactic medium},
	Ty = {JOUR},
	Url = {http://dx.doi.org/10.1038/35012018},
	Volume = {405},
	Year = {2000},
	Bdsk-Url-1 = {http://dx.doi.org/10.1038/35012018}}

@article{Makiya:2010zt,
	Archiveprefix = {arXiv},
	Author = {Makiya, R. and Totani, T. and Kobayashi, M. A. R.},
	Doi = {10.1088/0004-637X/728/2/158},
	Eprint = {1005.1390},
	Journal = {Astrophys. J.},
	Pages = {158},
	Primaryclass = {astro-ph.HE},
	Slaccitation = {%%CITATION = ARXIV:1005.1390;%%},
	Title = {{Contribution from Star-Forming Galaxies to the Cosmic Gamma-Ray Background Radiation}},
	Volume = {728},
	Year = {2011},
	Bdsk-Url-1 = {http://dx.doi.org/10.1088/0004-637X/728/2/158}}

@article{Malyshev:2011zi,
	Archiveprefix = {arXiv},
	Author = {Malyshev, Dmitry and Hogg, David W.},
	Doi = {10.1088/0004-637X/738/2/181},
	Eprint = {1104.0010},
	Journal = {Astrophys. J.},
	Pages = {181},
	Primaryclass = {astro-ph.CO},
	Slaccitation = {%%CITATION = ARXIV:1104.0010;%%},
	Title = {{Statistics of gamma-ray point sources below the Fermi detection limit}},
	Volume = {738},
	Year = {2011},
	Bdsk-Url-1 = {http://dx.doi.org/10.1088/0004-637X/738/2/181}}

@article{Massaro:2011ww,
	Archiveprefix = {arXiv},
	Author = {Massaro, F. and Ajello, M.},
	Doi = {10.1088/2041-8205/729/1/L12},
	Eprint = {1102.0774},
	Journal = {Astrophys. J.},
	Pages = {L12},
	Primaryclass = {astro-ph.HE},
	Slaccitation = {%%CITATION = ARXIV:1102.0774;%%},
	Title = {{Fueling lobes of radio galaxies: statistical particle acceleration and the extragalactic gamma-ray background}},
	Volume = {729},
	Year = {2011},
	Bdsk-Url-1 = {http://dx.doi.org/10.1088/2041-8205/729/1/L12}}

@article{Muecke:1998cs,
	Archiveprefix = {arXiv},
	Author = {Muecke, A. and Pohl, M.},
	Eprint = {astro-ph/9807297},
	Journal = {ASP Conf. Ser.},
	Pages = {217},
	Primaryclass = {astro-ph},
	Slaccitation = {%%CITATION = ASTRO-PH/9807297;%%},
	Title = {{On the contribution of unresolved blazars to the extragalactic gamma-ray background}},
	Volume = {159},
	Year = {1999}}

@article{Murase:2013rfa,
	Archiveprefix = {arXiv},
	Author = {Murase, Kohta and Ahlers, Markus and Lacki, Brian C.},
	Doi = {10.1103/PhysRevD.88.121301},
	Eprint = {1306.3417},
	Journal = {Phys. Rev.},
	Number = {12},
	Pages = {121301},
	Primaryclass = {astro-ph.HE},
	Slaccitation = {%%CITATION = ARXIV:1306.3417;%%},
	Title = {{Testing the Hadronuclear Origin of PeV Neutrinos Observed with IceCube}},
	Volume = {D88},
	Year = {2013},
	Bdsk-Url-1 = {http://dx.doi.org/10.1103/PhysRevD.88.121301}}

@article{Murase:2012df,
	Archiveprefix = {arXiv},
	Author = {Murase, Kohta and Beacom, John F. and Takami, Hajime},
	Doi = {10.1088/1475-7516/2012/08/030},
	Eprint = {1205.5755},
	Journal = {JCAP},
	Owner = {lina},
	Pages = {030},
	Primaryclass = {astro-ph.HE},
	Slaccitation = {%%CITATION = ARXIV:1205.5755;%%},
	Timestamp = {2016.07.09},
	Title = {{Gamma-Ray and Neutrino Backgrounds as Probes of the High-Energy Universe: Hints of Cascades, General Constraints, and Implications for TeV Searches}},
	Volume = {1208},
	Year = {2012},
	Bdsk-Url-1 = {http://dx.doi.org/10.1088/1475-7516/2012/08/030}}

@article{Murase:2015xka,
	Archiveprefix = {arXiv},
	Author = {Murase, Kohta and Guetta, Dafne and Ahlers, Markus},
	Doi = {10.1103/PhysRevLett.116.071101},
	Eprint = {1509.00805},
	Journal = {Phys. Rev. Lett.},
	Number = {7},
	Owner = {lina},
	Pages = {071101},
	Primaryclass = {astro-ph.HE},
	Slaccitation = {%%CITATION = ARXIV:1509.00805;%%},
	Timestamp = {2016.07.09},
	Title = {{Hidden Cosmic-Ray Accelerators as an Origin of TeV-PeV Cosmic Neutrinos}},
	Volume = {116},
	Year = {2016},
	Bdsk-Url-1 = {http://dx.doi.org/10.1103/PhysRevLett.116.071101}}

@article{Murase:2008yt,
	Archiveprefix = {arXiv},
	Author = {Murase, Kohta and Inoue, Susumu and Nagataki, Shigehiro},
	Doi = {10.1086/595882},
	Eprint = {0805.0104},
	Journal = {Astrophys. J.},
	Owner = {lina},
	Pages = {L105},
	Primaryclass = {astro-ph},
	Slaccitation = {%%CITATION = ARXIV:0805.0104;%%},
	Timestamp = {2016.07.09},
	Title = {{Cosmic Rays Above the Second Knee from Clusters of Galaxies and Associated High-Energy Neutrino Emission}},
	Volume = {689},
	Year = {2008},
	Bdsk-Url-1 = {http://dx.doi.org/10.1086/595882}}

@article{Narumoto:2006qg,
	Archiveprefix = {arXiv},
	Author = {Narumoto, Takuro and Totani, Tomonori},
	Doi = {10.1086/502708},
	Eprint = {astro-ph/0602178},
	Journal = {Astrophys. J.},
	Pages = {81-91},
	Primaryclass = {astro-ph},
	Slaccitation = {%%CITATION = ASTRO-PH/0602178;%%},
	Title = {{Gamma-ray luminosity function of blazars and the cosmic gamma-ray background: evidence for the luminosity dependent density evolution}},
	Volume = {643},
	Year = {2006},
	Bdsk-Url-1 = {http://dx.doi.org/10.1086/502708}}

@article{Pavlidou:2002va,
	Archiveprefix = {arXiv},
	Author = {Pavlidou, Vasiliki and Fields, Brian D.},
	Doi = {10.1086/342670},
	Eprint = {astro-ph/0207253},
	Journal = {Astrophys. J.},
	Pages = {L5-L8},
	Primaryclass = {astro-ph},
	Slaccitation = {%%CITATION = ASTRO-PH/0207253;%%},
	Title = {{The Guaranteed gamma-ray background}},
	Volume = {575},
	Year = {2002},
	Bdsk-Url-1 = {http://dx.doi.org/10.1086/342670}}

@article{Pavlidou:2007dv,
	Archiveprefix = {arXiv},
	Author = {Pavlidou, Vasiliki and Venters, Tonia M.},
	Doi = {10.1086/523956},
	Eprint = {0710.0002},
	Journal = {Astrophys. J.},
	Pages = {114-118},
	Primaryclass = {astro-ph},
	Slaccitation = {%%CITATION = ARXIV:0710.0002;%%},
	Title = {{The Spectral Shape of the Gamma-ray Background from Blazars}},
	Volume = {673},
	Year = {2008},
	Bdsk-Url-1 = {http://dx.doi.org/10.1086/523956}}

@article{Portillo:2014ena,
	Archiveprefix = {arXiv},
	Author = {Portillo, Stephen K. N. and Finkbeiner, Douglas P.},
	Date-Added = {2016-05-25 21:28:45 +0000},
	Date-Modified = {2016-05-25 21:28:45 +0000},
	Doi = {10.1088/0004-637X/796/1/54},
	Eprint = {1406.0507},
	Journal = {Astrophys. J.},
	Number = {1},
	Pages = {54},
	Primaryclass = {astro-ph.IM},
	Slaccitation = {%%CITATION = ARXIV:1406.0507;%%},
	Title = {{Sharper Fermi LAT Images: instrument response functions for an improved event selection}},
	Volume = {796},
	Year = {2014},
	Bdsk-Url-1 = {http://dx.doi.org/10.1088/0004-637X/796/1/54}}

@inproceedings{Rani:2016gnq,
	Archiveprefix = {arXiv},
	Author = {Rani, B. and Krichbaum, T. P. and Hodgson, J. A. and Zensus, J. A.},
	Date-Added = {2016-02-03 03:58:57 +0000},
	Date-Modified = {2016-02-03 03:58:57 +0000},
	Eprint = {1601.04693},
	Primaryclass = {astro-ph.HE},
	Slaccitation = {%%CITATION = ARXIV:1601.04693;%%},
	Title = {{Location and origin of gamma-rays in blazars}},
	Url = {http://inspirehep.net/record/1415730/files/arXiv:1601.04693.pdf},
	Year = {2016},
	Bdsk-Url-1 = {http://inspirehep.net/record/1415730/files/arXiv:1601.04693.pdf}}

@book{Sandage,
	Address = {Berlin},
	Author = {Sandage, A.~R. and Kron, R.~G. and Longair, M.~S.},
	Date-Modified = {2016-08-26 17:53:15 +0000},
	Publisher = {Springer},
	Title = {The Deep Universee},
	Year = {1995}}

@article{Shaw:2013pp,
	Archiveprefix = {arXiv},
	Author = {Shaw, Michael S. and Romani, Roger W. and Cotter, Garret and Healey, Stephen E. and Michelson, Peter F. and Readhead, Anthony C. S. and Richards, Joseph L. and Max-Moerbeck, Walter and King, Oliver G. and Potter, William J.},
	Doi = {10.1088/0004-637X/764/2/135},
	Eprint = {1301.0323},
	Journal = {Astrophys. J.},
	Pages = {135},
	Primaryclass = {astro-ph.HE},
	Slaccitation = {%%CITATION = ARXIV:1301.0323;%%},
	Title = {{Spectroscopy of The Largest Ever Gamma-ray Selected BL Lac Sample}},
	Volume = {764},
	Year = {2013},
	Bdsk-Url-1 = {http://dx.doi.org/10.1088/0004-637X/764/2/135}}

@article{SiegalGaskins:2010mp,
	Archiveprefix = {arXiv},
	Author = {Siegal-Gaskins, Jennifer M. and Reesman, Rebecca and Pavlidou, Vasiliki and Profumo, Stefano and Walker, Terry P.},
	Doi = {10.1111/j.1365-2966.2011.18672.x},
	Eprint = {1011.5501},
	Journal = {Mon. Not. Roy. Astron. Soc.},
	Pages = {1074-1082},
	Primaryclass = {astro-ph.HE},
	Slaccitation = {%%CITATION = ARXIV:1011.5501;%%},
	Title = {{Anisotropies in the gamma-ray sky from millisecond pulsars}},
	Volume = {415},
	Year = {2011},
	Bdsk-Url-1 = {http://dx.doi.org/10.1111/j.1365-2966.2011.18672.x}}

@article{Singal:2011yi,
	Archiveprefix = {arXiv},
	Author = {Singal, J. and Petrosian, V. and Ajello, M.},
	Doi = {10.1088/0004-637X/753/1/45},
	Eprint = {1106.3111},
	Journal = {Astrophys. J.},
	Pages = {45},
	Primaryclass = {astro-ph.CO},
	Reportnumber = {SLAC-PUB-14484},
	Slaccitation = {%%CITATION = ARXIV:1106.3111;%%},
	Title = {{Flux and Photon Spectral Index Distributions of Fermi-LAT Blazars And Contribution To The Extragalactic Gamma-ray Background}},
	Volume = {753},
	Year = {2012},
	Bdsk-Url-1 = {http://dx.doi.org/10.1088/0004-637X/753/1/45}}

@article{Soltan:1998jg,
	Archiveprefix = {arXiv},
	Author = {Soltan, Andrzej M. and Juchniewicz, Jozef},
	Eprint = {astro-ph/9811405},
	Journal = {Astrophys. Lett.},
	Owner = {lina},
	Pages = {197},
	Primaryclass = {astro-ph},
	Slaccitation = {%%CITATION = ASTRO-PH/9811405;%%},
	Timestamp = {2016.07.09},
	Title = {{FIR galaxies and the gamma-ray background}},
	Volume = {39},
	Year = {1999}}

@article{1998ApJ...494..523S,
	Adsnote = {Provided by the SAO/NASA Astrophysics Data System},
	Adsurl = {http://adsabs.harvard.edu/abs/1998ApJ...494..523S},
	Author = {Sreekumar, P. and others},
	Doi = {10.1086/305222},
	Eprint = {astro-ph/9709257},
	Journal = {Astrophys. J.},
	Keywords = {COSMOLOGY: DIFFUSE RADIATION, GAMMA RAYS: OBSERVATIONS, SURVEYS, Cosmology: Diffuse Radiation, Gamma Rays: Observations, Surveys},
	Month = feb,
	Pages = {523-534},
	Title = {{EGRET Observations of the Extragalactic Gamma-Ray Emission}},
	Volume = {494},
	Year = {1998},
	Bdsk-Url-1 = {http://dx.doi.org/10.1086/305222}}

@article{Stawarz:2005tq,
	Archiveprefix = {arXiv},
	Author = {Stawarz, Lukasz and Kneiske, T. M. and Kataoka, J.},
	Doi = {10.1086/498084},
	Eprint = {astro-ph/0507316},
	Journal = {Astrophys. J.},
	Pages = {693-698},
	Primaryclass = {astro-ph},
	Slaccitation = {%%CITATION = ASTRO-PH/0507316;%%},
	Title = {{Kiloparsec-scale jets in FR I radio galaxies and the gamma-ray background}},
	Volume = {637},
	Year = {2006},
	Bdsk-Url-1 = {http://dx.doi.org/10.1086/498084}}

@article{1992ApJ...390L..49S,
	Adsnote = {Provided by the SAO/NASA Astrophysics Data System},
	Adsurl = {http://adsabs.harvard.edu/abs/1992ApJ...390L..49S},
	Author = {Stecker, F.~W. and de Jager, O.~C. and Salamon, M.~H.},
	Doi = {10.1086/186369},
	Journal = {Astrophys. J. Lett.},
	Keywords = {Background Radiation, Gamma Ray Astronomy, Infrared Radiation, Intergalactic Media, Quasars, Cerenkov Counters, Gamma Ray Spectra, Gamma Rays, Photons},
	Month = may,
	Pages = {L49-L52},
	Title = {{TeV gamma rays from 3C 279 - A possible probe of origin and intergalactic infrared radiation fields}},
	Volume = {390},
	Year = {1992},
	Bdsk-Url-1 = {http://dx.doi.org/10.1086/186369}}

@article{Stecker:1996ma,
	Archiveprefix = {arXiv},
	Author = {Stecker, F. W. and Salamon, M. H.},
	Doi = {10.1086/177348},
	Eprint = {astro-ph/9601120},
	Journal = {Astrophys. J.},
	Pages = {600-605},
	Primaryclass = {astro-ph},
	Slaccitation = {%%CITATION = ASTRO-PH/9601120;%%},
	Title = {{The Gamma-ray background from blazars: A New look}},
	Volume = {464},
	Year = {1996},
	Bdsk-Url-1 = {http://dx.doi.org/10.1086/177348}}

@article{Stecker:1993ni,
	Author = {Stecker, F. W. and Salamon, M. H. and Malkan, M. A.},
	Doi = {10.1086/186882},
	Journal = {Astrophys. J.},
	Pages = {L71-L74},
	Reportnumber = {LHEATH-93-01},
	Slaccitation = {%%CITATION = ASJOA,410,L71;%%},
	Title = {{The High-energy diffuse cosmic gamma-ray background radiation from blazars}},
	Volume = {410},
	Year = {1993},
	Bdsk-Url-1 = {http://dx.doi.org/10.1086/186882}}

@article{Stecker:2010di,
	Archiveprefix = {arXiv},
	Author = {Stecker, Floyd W. and Venters, Tonia M.},
	Doi = {10.1088/0004-637X/736/1/40},
	Eprint = {1012.3678},
	Journal = {Astrophys. J.},
	Pages = {40},
	Primaryclass = {astro-ph.HE},
	Slaccitation = {%%CITATION = ARXIV:1012.3678;%%},
	Title = {{Components of the Extragalactic Gamma Ray Background}},
	Volume = {736},
	Year = {2011},
	Bdsk-Url-1 = {http://dx.doi.org/10.1088/0004-637X/736/1/40}}

@article{Strong:2007nh,
	Archiveprefix = {arXiv},
	Author = {Strong, Andrew W. and Moskalenko, Igor V. and Ptuskin, Vladimir S.},
	Doi = {10.1146/annurev.nucl.57.090506.123011},
	Eprint = {astro-ph/0701517},
	Journal = {Ann. Rev. Nucl. Part. Sci.},
	Pages = {285-327},
	Primaryclass = {astro-ph},
	Reportnumber = {SLAC-PUB-12312},
	Slaccitation = {%%CITATION = ASTRO-PH/0701517;%%},
	Title = {{Cosmic-ray propagation and interactions in the Galaxy}},
	Volume = {57},
	Year = {2007},
	Bdsk-Url-1 = {http://dx.doi.org/10.1146/annurev.nucl.57.090506.123011}}

@article{2004ApJ...613..956S,
	Adsnote = {Provided by the SAO/NASA Astrophysics Data System},
	Adsurl = {http://adsabs.harvard.edu/abs/2004ApJ...613..956S},
	Author = {Strong, A.~W. and Moskalenko, I.~V. and Reimer, O.},
	Doi = {10.1086/423196},
	Eprint = {astro-ph/0405441},
	Journal = {Astrophys. J.},
	Keywords = {ISM: Cosmic Rays, Cosmology: Diffuse Radiation, Diffusion, Gamma Rays: Observations, Gamma Rays: Theory, ISM: General},
	Month = oct,
	Pages = {956-961},
	Title = {{A New Determination of the Extragalactic Diffuse Gamma-Ray Background from EGRET Data}},
	Volume = {613},
	Year = {2004},
	Bdsk-Url-1 = {http://dx.doi.org/10.1086/423196}}

@article{Su:2010qj,
	Archiveprefix = {arXiv},
	Author = {Su, Meng and Slatyer, Tracy R. and Finkbeiner, Douglas P.},
	Doi = {10.1088/0004-637X/724/2/1044},
	Eprint = {1005.5480},
	Journal = {Astrophys. J.},
	Pages = {1044-1082},
	Primaryclass = {astro-ph.HE},
	Slaccitation = {%%CITATION = ARXIV:1005.5480;%%},
	Title = {{Giant Gamma-ray Bubbles from Fermi-LAT: AGN Activity or Bipolar Galactic Wind?}},
	Volume = {724},
	Year = {2010},
	Bdsk-Url-1 = {http://dx.doi.org/10.1088/0004-637X/724/2/1044}}

@article{Tamborra:2014xia,
	Archiveprefix = {arXiv},
	Author = {Tamborra, Irene and Ando, Shin'ichiro and Murase, Kohta},
	Doi = {10.1088/1475-7516/2014/09/043},
	Eprint = {1404.1189},
	Journal = {JCAP},
	Pages = {043},
	Primaryclass = {astro-ph.HE},
	Slaccitation = {%%CITATION = ARXIV:1404.1189;%%},
	Title = {{Star-forming galaxies as the origin of diffuse high-energy backgrounds: Gamma-ray and neutrino connections, and implications for starburst history}},
	Volume = {1409},
	Year = {2014},
	Bdsk-Url-1 = {http://dx.doi.org/10.1088/1475-7516/2014/09/043}}

@article{Taylor:2015rla,
	Archiveprefix = {arXiv},
	Author = {Taylor, Andrew M. and Ahlers, Markus and Hooper, Dan},
	Date-Added = {2016-06-12 01:42:41 +0000},
	Date-Modified = {2016-06-12 01:42:41 +0000},
	Doi = {10.1103/PhysRevD.92.063011},
	Eprint = {1505.06090},
	Journal = {Phys. Rev.},
	Number = {6},
	Pages = {063011},
	Primaryclass = {astro-ph.HE},
	Reportnumber = {FERMILAB-PUB-15-235-A},
	Slaccitation = {%%CITATION = ARXIV:1505.06090;%%},
	Title = {{Indications of Negative Evolution for the Sources of the Highest Energy Cosmic Rays}},
	Volume = {D92},
	Year = {2015},
	Bdsk-Url-1 = {http://dx.doi.org/10.1103/PhysRevD.92.063011}}

@article{Ullio:2002pj,
	Archiveprefix = {arXiv},
	Author = {Ullio, Piero and Bergstrom, Lars and Edsjo, Joakim and Lacey, Cedric G.},
	Doi = {10.1103/PhysRevD.66.123502},
	Eprint = {astro-ph/0207125},
	Journal = {Phys. Rev.},
	Pages = {123502},
	Primaryclass = {astro-ph},
	Slaccitation = {%%CITATION = ASTRO-PH/0207125;%%},
	Title = {{Cosmological dark matter annihilations into gamma-rays - a closer look}},
	Volume = {D66},
	Year = {2002},
	Bdsk-Url-1 = {http://dx.doi.org/10.1103/PhysRevD.66.123502}}

@article{Urry:1995mg,
	Archiveprefix = {arXiv},
	Author = {Urry, C. Megan and Padovani, Paolo},
	Doi = {10.1086/133630},
	Eprint = {astro-ph/9506063},
	Journal = {Publ. Astron. Soc. Pac.},
	Pages = {803},
	Primaryclass = {astro-ph},
	Slaccitation = {%%CITATION = ASTRO-PH/9506063;%%},
	Title = {{Unified schemes for radio-loud active galactic nuclei}},
	Volume = {107},
	Year = {1995},
	Bdsk-Url-1 = {http://dx.doi.org/10.1086/133630}}

@article{Zandanel:2014pva,
	Archiveprefix = {arXiv},
	Author = {Zandanel, Fabio and Tamborra, Irene and Gabici, Stefano and Ando, Shin'ichiro},
	Date-Added = {2016-06-12 01:51:46 +0000},
	Date-Modified = {2016-06-12 01:51:46 +0000},
	Doi = {10.1051/0004-6361/201425249},
	Eprint = {1410.8697},
	Journal = {Astron. Astrophys.},
	Pages = {A32},
	Primaryclass = {astro-ph.HE},
	Slaccitation = {%%CITATION = ARXIV:1410.8697;%%},
	Title = {{High-energy gamma-ray and neutrino backgrounds from clusters of galaxies and radio constraints}},
	Volume = {578},
	Year = {2015},
	Bdsk-Url-1 = {http://dx.doi.org/10.1051/0004-6361/201425249}}

@article{Fermi-LAT:2011yjw,
	Archiveprefix = {arXiv},
	Collaboration = {Fermi-LAT},
	Doi = {10.1088/0067-0049/199/2/31},
	Eprint = {1108.1435},
	Journal = {Astrophys. J. Suppl.},
	Pages = {31},
	Primaryclass = {astro-ph.HE},
	Slaccitation = {%%CITATION = ARXIV:1108.1435;%%},
	Title = {{Fermi Large Area Telescope Second Source Catalog}},
	Volume = {199},
	Year = {2012},
	Bdsk-Url-1 = {http://dx.doi.org/10.1088/0067-0049/199/2/31}}

@article{Collaboration:2010gqa,
	Archiveprefix = {arXiv},
	Collaboration = {Fermi-LAT},
	Doi = {10.1088/0004-637X/720/1/435},
	Eprint = {1003.0895},
	Journal = {Astrophys. J.},
	Pages = {435-453},
	Primaryclass = {astro-ph.CO},
	Slaccitation = {%%CITATION = ARXIV:1003.0895;%%},
	Title = {{The Fermi-LAT high-latitude Survey: Source Count Distributions and the Origin of the Extragalactic Diffuse Background}},
	Volume = {720},
	Year = {2010},
	Bdsk-Url-1 = {http://dx.doi.org/10.1088/0004-637X/720/1/435}}
